2925 5050
691 269 903 333 ..70-

215 428 325 494 Miller
344 429 481 495 coniecit
498 452 528 513 p.
548 425 628 516 345)
648 429 791 496 maxima
809 451 884 515 pars
902 427 958 513 (οἶν
974 467 1016 477 -
1031 427 1074 514 ὦ)
1091 427 1220 492 videtur
1237 426 1372 511 periisse:

216 537 301 621 qnod
325 536 477 601 damnum
501 542 538 601 ut
562 537 670 621 aliquo
698 537 795 603 modo
818 538 977 622 reficeret,
1004 537 1210 602 diesoeuoste
1237 538 1374 620 excerpta
1436 592 1438 649 ÷

216 644 274 708 illa
298 644 426 726 adiecit,
400 647 529 708 tmox
557 647 666 709 autern
691 645 760 709 sive
783 645 886 728 copiis
910 644 1084 709 destitutus
1109 643 1176 708 sive
1204 642 1308 707 animo
1329 663 1374 708 ex·
1436 627 1438 630 ’

218 753 365 816 saturato
392 773 473 815 veno
497 751 609 815 labore
632 750 767 816 destitit.
1436 824 1437 835 ρ

1436 876 1438 917 l

308 947 381 1028 54.
422 956 513 1012 Ordo
535 955 805 1026 proverbiorum.
851 947 969 1014 Misere
997 949 1099 1032 igitur
1113 946 1293 1012 -deeurtuts
1317 969 1378 1011 eor-
1436 920 1438 975 1

218 1056 314 1136 rupta
337 1053 535 1139 interpolata
555 1058 630 1118 sunt
648 1055 820 1138 proverbia
839 1053 958 1119 Athea.
996 1054 1104 1139 Atque
1124 1055 1153 1119 si
1171 1058 1260 1120 certe.
1277 1076 1377 1118 eorum
1436 1074 1438 1155 p

220 1159 390 1243 dispositio
414 1160 606 1244 investigari
633 1183 700 1225 non
722 1166 848 1246 posset,
879 1164 983 1226 totam
1011 1161 1249 1228 conlectionem
1271 1162 1311 1226 ab
1332 1183 1377 1223 ex·

220 1269 420 1352 oerptoribus
457 1268 600 1332 funditus
633 1291 779 1334 eversam
818 1291 888 1334 esse
920 1269 1119 1335 confidenter
1156 1269 1378 1334 contenderem.
1436 1286 1438 1290 “

219 1373 305 1438 Nem
335 1375 500 1446 hominem
530 1375 647 1440 aetatis
676 1376 881 1442 Hadrianeae
913 1376 1043 1441 liberali
1074 1377 1221 1442 doctrino
1250 1376 1376 1462 politum

220 1484 290 1544 tam
313 1479 450 1544 stolidae
473 1481 593 1545 mentis
621 1481 734 1566 fuisse,
762 1483 895 1566 utplus
924 1483 1236 1569 quadringentorum
1263 1504 1379 1567 prover·
1436 1462 1437 1531 l

222 1586 349 1651 bionum
371 1587 483 1652 rudem
510 1587 769 1674 indigestamque
799 1590 917 1654 molem
944 1590 1120 1654 lectoribus
1149 1591 1216 1654 suis
1239 1589 1381 1668 obferret,

192 1757 194 1760 .
222 1694 320 1757 nullis
345 1697 516 1779 argument
518 1695 545 1758 is
570 1695 712 1762 adducor
740 1700 776 1760 ut
762 1697 936 1764 t.oredam
981 1695 1097 1780 Itaque
1119 1695 1204 1762 nihil
1227 1694 1383 1778 antiquius

222 1799 406 1864 habendum
437 1824 533 1886 quem
563 1804 643 1865 ut
633 1803 849 1887 inquiramus,
883 1826 948 1888 qua
979 1803 1107 1868 ratione
1137 1801 1297 1886 disposite
1325 1800 1384 1865 sint
1436 1796 1438 1895 j

222 1908 393 1992 proverbia
416 1909 614 1973 recensionis
638 1909 775 1974 Athone
1436 1982 1437 1987 .

312 2013 418 2099 Atque
442 2014 582 2098 primum
606 2015 769 2100 quidem
759 2039 794 2080 1n
816 2021 887 2083 toto
912 2040 1018 2103 opere,
1041 2015 1213 2102 praeeipue
1233 2013 1362 2079 sutem
1354 2035 1385 2076 m
1436 2002 1437 2055 1

224 2122 349 2186 oonleot
335 2122 477 2188 tionibus
497 2122 513 2185 I
533 2126 565 2186 et
582 2121 632 2187 III
655 2123 840 2206 alphabetici
859 2146 952 2208 quem
976 2125 1088 2190 dieunt
1111 2121 1234 2187 ordinis
1257 2118 1387 2200 vestigia

225 2228 368 2311 dispersa
396 2228 492 2293 facile
520 2229 670 2313 reperies.
717 2228 765 2296 Of.
788 2231 806 2294 I
826 2232 911 2294 7-9
931 2228 990 2317 (ἓ),
1020 2229 1151 2295 15-18
1172 2227 1236 2312 (ἃ),
1263 2225 1385 2292 37-39

226 2387 287 2527 til}
309 2441 342 2504 n
366 2443 517 2507 ris-101
539 2441 594 2529 (s),
621 2445 796 2508 ron-104
819 2387 1012 2531 pispiri
1037 2443 1169 2508 12-14
1188 2385 1247 2527 (sp'
1265 2439 1385 2506 39-41

231 2550 360 2613 77-79
377 2547 435 2636 (d),
457 2551 628 2615 114-117
651 2548 686 2637 (ᾶ
703 2537 1138 2638 11Ῠὲ),126-1291130(1),
1158 2541 1389 2629 152-154(s),

230 2656 403 2721 160-162
432 2654 491 2743 (ἃ).
536 2656 598 2722 Sed
626 2658 706 2722 haee
735 2659 805 2723 sola
832 2680 898 2723 non
926 2660 1062 2722 multum
1088 2657 1150 2721 tibi
1177 2649 1388 2739 proderunt.¹)

228 2761 313 2827 Nem
336 2764 454 2847 partim
480 2765 568 2829 sesni
591 2764 779 2850 tribuendo,
806 2760 927 2849 partim
956 2788 994 2831 eo
1022 2765 1173 2829 videntur
1201 2758 1389 2846 explicanda,

228 2870 313 2955 qnod
350 2874 462 2935 auctor
494 2870 628 2934 Zenobii
659 2870 823 2936 interdum
857 2871 1114 2937 conlectionibus
1151 2868 1202 2933 vel
1240 2866 1388 2949 excerptis
1436 2863 1437 2922 l

230 2999 307 3043 usus
332 2977 375 3041 sit
398 2977 581 3041 litterarum
601 2976 712 3041 ordine
732 2978 907 3063 dispositis.
940 2978 1122 3060 Praeterea,
1145 2979 1183 3039 ut
1201 2976 1300 3058 vides,
1317 2992 1387 3057 pars

228 3085 325 3169 longe
349 3084 451 3149 maior
480 3083 590 3168 operis'
609 3082 785 3149 Zenobiani
814 3085 865 3149 his
894 3085 1021 3149 indiciis
1050 3083 1181 3148 omnino
1211 3082 1312 3146 libera
1337 3085 1389 3143 est.
1436 3143 1437 3202 1

230 3191 409 3276 Praecipua
431 3191 532 3275 igitur
554 3191 638 3255 ratio
663 3214 727 3275 que.
750 3190 864 3257 ductus
885 3192 928 3256 sit
955 3188 1266 3275 paroemiographus
1284 3187 1317 3251 in
1334 3185 1389 3250 dis·
1436 3205 1437 3284 1

230 3298 387 3383 ponendis
410 3296 591 3380 proverbiis
614 3299 711 3383 longe
735 3299 799 3382 alia
822 3299 919 3363 fuerit
941 3319 1072 3363 necesse
1095 3299 1154 3361 est.

318 3404 452 3469 Maioris
476 3406 632 3469 momenti
655 3405 796 3489 videtur,
825 3406 910 3489 quod
933 3416 1087 3490 persaepe
1110 3402 1274 3485 proverbio
1294 3423 1324 3467 se
1344 3421 1386 3464 et·
1436 3385 1437 3474 l

231 3513 351 3595 cipiunt
367 3516 424 3575 ont
440 3514 629 3595 arpnmentis
646 3518 704 3577 ont
719 3514 876 3578 sententiis
897 3514 979 3577 inter
1000 3532 1031 3577 se
1053 3514 1190 3593 oopnoto.
1230 3508 1278 3575 ef.
1295 3508 1328 3573 M
1344 3506 1390 3569 15

233 3620 315 3699 πρὸ(
343 3620 402 3682 δύο
437 3619 513 3683 οὐδὲ
546 3618 781 3699 ὁἭρακλῆ(
819 3621 838 3683 6
867 3618 967 3684 ἄλλο(
999 3618 1095 3684 οὗτοι
1125 3617 1323 3696 Ἡρακλῆς,
1353 3613 1390 3677 10
1436 3617 1437 3620 ’

232 3727 379 3807 Ὕδραν
401 3729 524 3806 τέμνει(
549 3729 587 3791 11
612 3727 735 3792 Ὕλαν
759 3727 947 3807 κραυγάζειν
967 3725 1014 3812 (et
1031 3749 1066 3789 re
1085 3725 1144 3788 illu
1162 3727 1196 3788 et
1215 3745 1310 3788 sensu
1327 3742 1390 3786 oon·

233 3832 370 3918 iuncta);
395 3833 436 3897 16
460 3832 529 3899 illic
552 3834 679 3913 epodo,
706 3836 745 3898 17
771 3832 872 3913 ἄλλην
891 3838 984 3913 δρῦν
1008 3832 1155 3913 βαλάνιζε
1176 3830 1273 3917 (quae
1296 3827 1389 3895 vicina

233 3942 354 4028 legisse
392 3940 479 4005 videt
465 3945 518 4005 tur
555 3941 652 4006 etiam
690 3940 774 4006 Eust
775 3940 882 4005 athius
916 3939 956 4004 ad
992 3938 1031 4003 Il.
1065 3941 1090 4004 Χ
1126 3939 1189 4003 126
1225 3960 1255 4021 ρ.
1290 3931 1390 4018 1262);
1436 3941 1437 3944 ’

308 4140 333 4206 1)
308 4136 459 4190 lEndem
477 4134 535 4190 fere
550 4133 710 4189 observavit
724 4132 889 4202 Sohoellius,
908 4134 1005 4188 sed—
1020 4131 1096 4201 quod
1112 4130 1160 4186 vix
1177 4130 1390 4200 probandum-

235 4223 483 4297 interpolatoribus
501 4222 609 4291 tribuit,
629 4223 663 4278 of
683 4226 780 4279 nostru
797 4243 849 4293 sup
849 4240 925 4291 r.ap
941 4221 1001 4277 65².
1032 4221 1162 4277 Ceterum
1176 4236 1224 4276 eos
1242 4220 1315 4275 solos
1330 4216 1391 4272 indi
1436 4193 1437 4316 1

236 4316 361 4371 ouvimus
383 4316 474 4385 locos,
497 4312 547 4367 ubi
569 4312 645 4367 trina
670 4314 823 4383 proverbia
844 4313 890 4369 vel
913 4312 999 4368 etiam
1022 4312 1103 4381 plura
1128 4328 1157 4365 se
1180 4310 1324 4379 excipiunt
1347 4303 1437 4362 hoo
1436 4339 1437 4390 3

238 4405 347 4472 ordine3
367 4404 432 4459 bina
453 4419 563 4472 quoque
581 4402 657 4457 haud
676 4420 740 4460 raro
758 4403 853 4458 inveni
854 4420 882 4457 es
903 4405 935 4472 (e.
955 4419 982 4471 g.
1001 4400 1044 4454 17
1066 4407 1099 4455 10
1118 4400 1144 4454 ΙΙ
1159 4406 1190 4454 11
1214 4399 1302 4453 11144
1319 4402 1366 4466 46).
1436 4395 1437 4414 ³
