2925 5050
499 308 715 373 ⁸„43-

27 475 195 560 perducere
224 473 354 559 poteris.
408 473 492 558 Opas
523 477 568 542 est
597 499 677 541 cova
708 476 880 542 mutatione
907 479 1043 542 codicum
1072 477 1193 542 aarum

28 605 83 646 run
119 585 274 662 omnium,
310 583 459 669 inprimis
496 586 694 651 recensionis
730 585 928 651 Bodleianae
960 583 1193 672 (BVA-D).

29 689 105 756 Nam
128 690 282 756 Bastium
309 715 382 756 cum
410 693 553 758 codicem
583 693 768 758 Parasitum
793 695 882 758 ‘1773
910 689 970 778 (A)
998 692 1039 756 ad
1066 676 1194 755 Schotti

30 800 188 883 exemplar
211 798 373 864 conferret
396 797 453 885 (=
477 798 569 864 Bodl.
594 799 697 866 Gaisf.
720 801 910 882 sca—959,
938 824 968 884 p.
996 795 1194 882 roe—120),

31 904 136 988 ‘pauca
159 907 296 982 subinde
320 906 480 972 omisisse'
503 908 574 991 ipse
593 907 785 972 Gaisfordus
808 907 991 991 suspicatus
1014 909 1066 969 est
1088 930 1119 990 p.
1136 904 1194 987 IV,

31 1035 220 1096 quamquam
244 1013 294 1078 ‘ea
316 1013 456 1078 fortasse
484 1014 616 1080 levioris
640 1015 799 1078 momenti
821 1013 903 1078 esse'
929 1035 962 1077 se
990 1013 1098 1098 ipsum
1121 1034 1194 1076 con-

33 1119 188 1184 solaturus
221 1121 320 1186 addit.
371 1119 500 1186 Schotti
532 1127 640 1186 eutem
669 1126 796 1205 auctor,
826 1121 933 1206 Scipio
961 1119 1220 1202 Cobelluccius„

33 1227 270 1312 descripseritne
286 1229 472 1294 Vaticanum
486 1253 528 1294 an
542 1230 739 1315 excerpserit
752 1230 927 1311 nescimus3
943 1231 1029 1294 certe
1040 1225 1193 1291 Schottus

33 1335 205 1417 proverbiis
238 1335 366 1400 aliunde
399 1336 486 1402 notis
519 1337 656 1401 selectas
685 1340 815 1400 tantum
837 1335 989 1400 Vaticani
1016 1334 1194 1418 scripturas

34 1442 198 1525 adspersit,
229 1465 315 1506 nova
342 1443 376 1506 in
405 1442 627 1527 ‘appendicem
653 1433 868 1508 Vaticanam'
893 1442 1045 1525 coniecit,
1077 1441 1125 1504 ita
1157 1444 1195 1504 ut

32 1571 122 1632 neque
156 1549 196 1612 de
223 1549 329 1613 forma
358 1572 462 1634 neque
491 1551 530 1614 de
558 1550 669 1622 ordine
702 1554 759 1614 aut
786 1572 920 1614 numero
948 1547 1193 1634 proverbiorum

33 1656 101 1719 satis
133 1660 270 1721 constet.
323 1655 394 1721 Iam
427 1680 500 1722 cum
532 1657 710 1722 Vaticanus
743 1679 974 1740 nonnunquam
1007 1657 1079 1740 ipso
1112 1655 1195 1720 Bod-

34 1764 126 1828 leiano
151 1763 279 1846 plenior
297 1763 446 1828 videatur
465 1786 535 1828 esse
554 1765 608 1848 (ef.
626 1768 693 1829 not.
712 1764 738 1826 P
756 1763 787 1828 V
806 1765 849 1829 93
870 1769 903 1828 et
925 1765 956 1829 V
979 1764 993 1827 I
1018 1765 1058 1827 27
1084 1761 1116 1825 Il
1136 1763 1192 1826 96:

34 1868 139 1935 Basa
171 1869 265 1954 677),
302 1870 444 1934 interest
469 1893 545 1934 sane
578 1875 614 1934 ut
647 1873 796 1957 exemplo
830 1873 898 1937 eius
931 1895 1014 1937 cum·
1033 1894 1110 1937 cura
1142 1871 1192 1934 de·

36 1978 142 2061 scripto
167 1981 308 2044 utamur.
343 1977 490 2061 Denique
509 1979 609 2043 etiam
628 1980 666 2042 de
685 1979 861 2044 Bodleiano
883 1980 1045 2044 interdum
1069 1983 1194 2043 restant

38 2086 259 2169 dubitationes,
291 2108 363 2150 cum
392 2087 586 2170 praesertim
614 2091 729 2152 auctus
762 2089 807 2151 sit
839 2112 859 2152 a
886 2087 1060 2152 Gaisfordo
1092 2085 1194 2169 copiis

38 2193 210 2257 advecticiis
233 2194 405 2278 praecipue
435 2216 473 2258 er
501 2194 650 2258 Parisino
678 2196 827 2279 repetitis
835 2193 870 2282 ¹).
920 2194 989 2259 Nec
1016 2193 1132 2258 melius
1160 2216 1195 2257 se

38 2299 122 2363 habet
140 2301 285 2366 recensio
303 2300 630 2384 Pseudodiopena'anea.
667 2300 699 2364 N
701 2325 755 2366 am
774 2326 846 2367 cum
866 2302 1037 2367 Palatinus
1055 2299 1196 2378 Schotti,

39 2407 83 2468 alii
112 2407 325 2492 inspiciantur
356 2429 487 2473 necesse
524 2412 588 2492 est,
624 2414 694 2474 tum
727 2410 795 2476 cod.
827 2409 920 2475 Bodl.
952 2409 1083 2474 Barocc.
1117 2408 1192 2471 219.

39 2580 189 2652 editionem,
212 2585 242 2637 in
261 2601 317 2653 qua
341 2584 465 2639 recensio
483 2584 638 2642 Bodleiana
661 2587 803 2657 descripta
822 2587 974 2654 invenitur,
998 2586 1084 2640 immo
1109 2586 1199 2640 etiam,

40 2668 127 2725 Schotti
149 2671 254 2725 librum
278 2671 432 2741 appendice
450 2672 602 2742 Vaticano,
628 2676 765 2743 excerptis
789 2692 804 2729 e
824 2674 922 2742 Suida,
946 2675 1082 2744 Scaligeri
1107 2674 1194 2728 ‘Stro-

40 2761 138 2826 mateo’‚
157 2760 277 2830 copiosis
294 2760 433 2816 indicibus
456 2761 610 2817 etiamnum
629 2752 713 2832 s'aepe
730 2766 759 2817 te
782 2763 933 2819 iuvantem.
973 2763 1070 2833 Neque
1090 2763 1204 2843 Gllll‘l'.

41 2847 92 2901 dum
108 2848 222 2903 Erasini
240 2850 329 2904 moles
344 2849 485 2919 Cyclopia,
509 2868 543 2905 ex
562 2868 618 2919 qua
635 2851 804 2907 recentiores
823 2856 927 2907 omnes'
939 2854 1030 2921 operis
1048 2852 1194 2907 materiem

41 2937 62 2986 et
77 2938 150 3004 quasi
169 2938 352 2994 fundamenta
366 2939 545 3009 repetierunt,
565 2941 715 3008 absumpta
732 2940 789 2994 iam
804 2944 848 2995 est
860 2942 907 2997 vel
924 2942 1006 2997 facile
1025 2943 1193 2997 absumetur.

100 3030 124 3095 1)
146 3028 190 3081 Ad
210 3027 323 3082 fluidam
349 3028 509 3095 referendus
532 3031 576 3082 est
595 3028 781 3084 coislinianus
807 3037 857 3085 177
876 3034 958 3098 (saec.
978 3031 1068 3100 XIV),
1087 3048 1121 3085 er
1139 3048 1195 3099 quo

43 3117 172 3180 proverbia
189 3117 300 3170 tantum
320 3116 433 3171 Bestius
451 3117 602 3186 excerpsit:
623 3117 657 3172 cf.
677 3118 816 3174 Gaisiord.
836 3120 923 3189 praef.
943 3140 970 3190 p.
990 3121 1036 3174 IV.
1074 3120 1151 3185 Quae
1171 3120 1194 3173 si

43 3203 198 3272 recipiebant
216 3204 347 3273 editores,
370 3205 531 3274 recipienda
554 3209 634 3261 erant
656 3225 838 3277 quaecunque
857 3209 957 3263 Suidas
981 3209 1105 3278 praebet.
1143 3208 1194 3263 Oe-

44 3290 117 3347 terum
134 3295 228 3348 nullus
247 3294 353 3363 dubito,
373 3293 442 3363 quin
460 3294 489 3349 in
508 3296 562 3349 hoc
581 3296 686 3365 codice,
706 3296 780 3352 sicut
797 3298 827 3351 in
845 3297 960 3354 scholiis
979 3298 1194 3368 Hephaestionis

44 3380 69 3432 ab
85 3382 446 3451 Hoersohelmannodenuo
464 3384 591 3453 conlatis,
609 3386 755 3439 thensauri
773 3388 882 3441 lateant
900 3387 1069 3455 absconditi,
1094 3388 1194 3455 quibus

45 3472 66 3521 et
83 3472 336 3543 paroemiographis
362 3476 392 3528 et
415 3473 517 3529 Snidae
540 3492 622 3544 opem
645 3475 716 3529 ferre
740 3477 839 3545 possis.
876 3478 949 3531 Nam
971 3477 1034 3546 ipsa
1052 3476 1195 3531 Gaisfordi

45 3562 158 3629 excerpta
186 3562 263 3616 haud
294 3580 357 3617 raro
391 3562 593 3617 Coislinianum
625 3563 770 3634 copiarum
801 3566 831 3619 in
859 3566 946 3620 Suida
979 3567 1093 3635 volgato
1125 3567 1193 3622 reci-

46 3664 120 3703 sarum
142 3651 260 3705 formam
283 3644 436 3721 pleniorem
463 3670 586 3707 servasse
606 3653 719 3722 docent,
749 3654 783 3709 oi.
805 3674 828 3709 e.
847 3674 874 3725 g.
893 3673 971 3726 prov.
992 3660 1025 3708 21
1046 3661 1135 3724 eosq.
1159 3662 1194 3710 40

46 3740 70 3787 47
87 3743 117 3791 50
130 3741 181 3793 etc.
214 3740 278 3793 Alia
296 3739 409 3807 quidem
429 3739 529 3794 misere
549 3743 614 3795 sunt
632 3744 777 3797 contracta
796 3747 825 3797 et
843 3744 1027 3813 interpolata,
1047 3744 1124 3798 velut
1142 3750 1193 3799 395

47 3828 80 3876 rol
99 3828 126 3880 ἐν
152 3830 227 3898 αὐτῷ
251 3836 292 3898 τῷ
311 3830 392 3898 γάμῳ
416 3831 604 3898 ὁρχηεαμένη(
625 3836 685 3899 τῆ(
708 3834 879 3900 θυγατρὸς
903 3836 1067 3899 Μεγαλκοῦ(
1090 3834 1195 3902 (inepte

47 3929 85 3978 pro
100 3914 271 3985 Hippoclide)
295 3918 340 3971 vel
366 3924 415 3972 166
439 3920 489 3985 (=
509 3919 580 3988 App.
601 3919 625 3972 Il
646 3926 690 3985 40)
715 3922 746 3974 ἐκ
770 3924 896 3989 μητρὸς
919 3912 1022 3977 adicit·
1047 3925 1103 3992 [ἐπὶ
1126 3928 1193 3976 τῶν

49 4001 76 4055 εἰ(
92 4008 210 4074 μητέρα
234 4008 467 4074 ἁμαρτανόντων
490 4011 507 4074 ἢ
533 4007 570 4061 εἰ(
593 4008 695 4062 οἰκεῖόν
717 4028 793 4064 τινα·
817 4012 846 4078 ἢ]
871 4012 914 4064 ἐπὶ
937 4017 997 4064 τοο
1021 4013 1091 4064 κατὰ
1110 4015 1193 4077 Ζῆλον

49 4092 230 4165 (insolitam)
258 4100 285 4150 τί
312 4102 487 4151 ποιοῦντοει
515 4098 564 4152 uhi
591 4100 753 4167 ἔκμετροε
781 4103 871 4154 αὐλεῖ(
900 4103 910 4170 (
916 4127 1040 4153 .....
1063 4100 1193 4168 rhythmo

50 4184 181 4246 proverbiis
195 4185 251 4239 fere
267 4185 408 4253 sollemni)
422 4186 624 4240 restituendum
640 4190 669 4241 et
682 4187 780 4257 inopte
793 4188 845 4243 illa
859 4192 914 4258 [ἐπὶ
929 4222 962 4230 -
977 4207 1051 4244 τινα·
1066 4191 1104 4257 ἢ],
1120 4206 1193 4257 quae

51 4283 75 4319 01
90 4270 178 4325 insana
196 4273 314 4328 lectione
334 4274 481 4341 fluxerunt,
500 4275 626 4328 eicienda
645 4276 689 4343 (cf.
705 4275 729 4327 D
745 4275 795 4329 Vll
813 4282 861 4343 4ος
881 4278 909 4330 Μ
928 4278 953 4331 ΙΙ
969 4285 1018 4333 100
1037 4304 1071 4324 =
1091 4279 1113 4331 B
1132 4283 1194 4345 879,

53 4372 101 4427 app.
118 4360 152 4413 lV
172 4368 204 4415 94
222 4364 271 4415 τὸν
291 4364 415 4430 αὐλήτην
438 4362 629 4437 <παρ>αὐλεῑν
657 4366 702 4418 vel
725 4363 901 4438 (triremos)
923 4369 1028 4421 αὐλᾱνε
1056 4365 1097 4420 sic
1119 4368 1194 4422 enim

54 4444 142 4503 videtur
159 4451 350 4521 corrigendum
369 4450 465 4523 [aliter
484 4452 619 4508 Meineck.
639 4470 709 4508 corn.
730 4454 776 4511 Gr.
795 4456 822 4508 Π
839 4474 866 4524 p.
886 4455 970 4527 862]).
