<?xml version="1.0" encoding="UTF-8"?>
<!DOCTYPE html PUBLIC "-//W3C//DTD XHTML 1.0 Transitional//EN"
    "http://www.w3.org/TR/xhtml1/DTD/xhtml1-transitional.dtd">
<html xmlns="http://www.w3.org/1999/xhtml" xml:lang="en" lang="en">
 <head>
  <title>
</title>
<meta http-equiv="Content-Type" content="text/html;charset=utf-8" />
  <meta name='ocr-system' content='tesseract 3.04.00' />
  <meta name='ocr-capabilities' content='ocr_page ocr_carea ocr_par ocr_line ocrx_word'/>
</head>
<body>
  <div class='ocr_page' id='page_1' title='image "./analectacritica00demogoog_0088.png"; bbox 0 0 2925 5050; ppageno 0'>
   <div class='ocr_carea' id='block_1_1' title="bbox 759 271 977 334">
    <p class='ocr_par' dir='ltr' id='par_1_1' title="bbox 759 271 977 334">
     <span class='ocr_line' id='line_1_1' title="bbox 759 271 977 334; baseline -0.009 -18"><span class='ocrx_word' id='word_1_1' title='bbox 759 271 977 334; x_wconf 63' lang='lat'><strong>..73-</strong></span> 
     </span>
    </p>
   </div>
   <div class='ocr_carea' id='block_1_2' title="bbox 283 425 1427 1154">
    <p class='ocr_par' dir='ltr' id='par_1_2' title="bbox 283 425 1427 1154">
     <span class='ocr_line' id='line_1_2' title="bbox 287 425 1426 517; baseline -0.004 -23"><span class='ocrx_word' id='word_1_2' title='bbox 287 429 365 517; x_wconf 85' lang='lat' dir='ltr'>(exc.</span> <span class='ocrx_word' id='word_1_3' title='bbox 395 429 423 494; x_wconf 84' lang='grc' dir='ltr'><strong>Α</strong></span> <span class='ocrx_word' id='word_1_4' title='bbox 453 429 599 515; x_wconf 77' lang='lat'>45-58)</span> <span class='ocrx_word' id='word_1_5' title='bbox 634 434 667 494; x_wconf 87' lang='lat' dir='ltr'>et</span> <span class='ocrx_word' id='word_1_6' title='bbox 694 451 775 514; x_wconf 86' lang='lat' dir='ltr'>quae</span> <span class='ocrx_word' id='word_1_7' title='bbox 804 431 885 494; x_wconf 88' lang='grc' dir='ltr'>κατὰ</span> <span class='ocrx_word' id='word_1_8' title='bbox 917 433 1064 506; x_wconf 88' lang='grc' dir='ltr'>γλῶτταν</span> <span class='ocrx_word' id='word_1_9' title='bbox 1096 428 1245 507; x_wconf 83' lang='grc' dir='ltr'>εἰρημένα</span> <span class='ocrx_word' id='word_1_10' title='bbox 1273 425 1426 490; x_wconf 81' lang='lat' dir='ltr'>viderentu</span> 
     </span>
     <span class='ocr_line' id='line_1_3' title="bbox 283 534 1426 624; baseline -0.003 -23"><span class='ocrx_word' id='word_1_11' title='bbox 283 534 364 624; x_wconf 84' lang='lat' dir='ltr'>(exc.</span> <span class='ocrx_word' id='word_1_12' title='bbox 392 537 419 600; x_wconf 89' lang='lat' dir='ltr'><strong>B</strong></span> <span class='ocrx_word' id='word_1_13' title='bbox 448 535 603 624; x_wconf 80' lang='lat'>59-65).</span> <span class='ocrx_word' id='word_1_14' title='bbox 656 536 694 600; x_wconf 93' lang='lat' dir='ltr'>In</span> <span class='ocrx_word' id='word_1_15' title='bbox 727 537 835 621; x_wconf 89' lang='lat' dir='ltr'>priore</span> <span class='ocrx_word' id='word_1_16' title='bbox 863 557 994 621; x_wconf 84' lang='lat' dir='ltr'>genere,</span> <span class='ocrx_word' id='word_1_17' title='bbox 1026 535 1113 620; x_wconf 88' lang='lat' dir='ltr'>quod</span> <span class='ocrx_word' id='word_1_18' title='bbox 1141 556 1230 600; x_wconf 87' lang='lat' dir='ltr'>more</span> <span class='ocrx_word' id='word_1_19' title='bbox 1259 534 1426 598; x_wconf 81' lang='lat' dir='ltr'>nostratia</span> 
     </span>
     <span class='ocr_line' id='line_1_4' title="bbox 285 641 1415 728; baseline -0.006 -21"><span class='ocrx_word' id='word_1_20' title='bbox 285 644 365 709; x_wconf 81' lang='grc' dir='ltr'>ἔπεα</span> <span class='ocrx_word' id='word_1_21' title='bbox 389 644 566 723; x_wconf 90' lang='grc' dir='ltr'>πτερόεντα</span> <span class='ocrx_word' id='word_1_22' title='bbox 596 644 762 728; x_wconf 86' lang='lat' dir='ltr'>appellare</span> <span class='ocrx_word' id='word_1_23' title='bbox 784 644 901 728; x_wconf 81' lang='lat' dir='ltr'>possis,</span> <span class='ocrx_word' id='word_1_24' title='bbox 922 644 1121 728; x_wconf 72' lang='lat' dir='ltr'>tragicorum</span> <span class='ocrx_word' id='word_1_25' title='bbox 1149 641 1353 726; x_wconf 79' lang='lat' dir='ltr'>potissimum</span> <span class='ocrx_word' id='word_1_26' title='bbox 1376 665 1415 724; x_wconf 82' lang='lat' dir='ltr'>p·-</span> 
     </span>
     <span class='ocr_line' id='line_1_5' title="bbox 286 748 1415 834; baseline -0.004 -20"><span class='ocrx_word' id='word_1_27' title='bbox 286 755 394 814; x_wconf 87' lang='lat' dir='ltr'>tarum</span> <span class='ocrx_word' id='word_1_28' title='bbox 418 771 530 814; x_wconf 80' lang='lat' dir='ltr'>versus</span> <span class='ocrx_word' id='word_1_29' title='bbox 553 749 737 833; x_wconf 84' lang='lat' dir='ltr'>composuit</span> <span class='ocrx_word' id='word_1_30' title='bbox 760 771 780 813; x_wconf 84' lang='grc' dir='ltr'>α</span> <span class='ocrx_word' id='word_1_31' title='bbox 802 750 933 814; x_wconf 81' lang='lat' dir='ltr'>comicia</span> <span class='ocrx_word' id='word_1_32' title='bbox 962 749 1002 814; x_wconf 90' lang='lat' dir='ltr'>ad</span> <span class='ocrx_word' id='word_1_33' title='bbox 1030 753 1258 834; x_wconf 71' lang='lat' dir='ltr'><strong>argumentum</strong></span> <span class='ocrx_word' id='word_1_34' title='bbox 1286 748 1415 812; x_wconf 75' lang='lat' dir='ltr'>ridicul=</span> 
     </span>
     <span class='ocr_line' id='line_1_6' title="bbox 284 853 1423 943; baseline -0.002 -22"><span class='ocrx_word' id='word_1_35' title='bbox 284 857 428 922; x_wconf 84' lang='lat' dir='ltr'>detortos</span> <span class='ocrx_word' id='word_1_36' title='bbox 453 855 599 943; x_wconf 86' lang='grc'>(46-49</span> <span class='ocrx_word' id='word_1_37' title='bbox 619 853 688 942; x_wconf 84' lang='lat'><strong>51),</strong></span> <span class='ocrx_word' id='word_1_38' title='bbox 710 878 770 922; x_wconf 89' lang='lat' dir='ltr'>nec</span> <span class='ocrx_word' id='word_1_39' title='bbox 788 857 859 921; x_wconf 84' lang='lat' dir='ltr'>aine</span> <span class='ocrx_word' id='word_1_40' title='bbox 877 879 984 941; x_wconf 81' lang='lat' dir='ltr'>causa,</span> <span class='ocrx_word' id='word_1_41' title='bbox 1006 879 1083 922; x_wconf 89' lang='lat' dir='ltr'>nam</span> <span class='ocrx_word' id='word_1_42' title='bbox 1102 879 1142 920; x_wconf 89' lang='lat' dir='ltr'>ea</span> <span class='ocrx_word' id='word_1_43' title='bbox 1159 857 1233 940; x_wconf 83' lang='lat' dir='ltr'>ipsa</span> <span class='ocrx_word' id='word_1_44' title='bbox 1250 878 1287 920; x_wconf 90' lang='lat' dir='ltr'>re</span> <span class='ocrx_word' id='word_1_45' title='bbox 1307 856 1392 938; x_wconf 69' lang='grc' dir='ltr'>κοίμα</span> <span class='ocrx_word' id='word_1_46' title='bbox 1408 882 1423 912; x_wconf 81' lang='grc' dir='ltr'>ι</span> 
     </span>
     <span class='ocr_line' id='line_1_7' title="bbox 284 962 1427 1048; baseline -0.005 -20"><span class='ocrx_word' id='word_1_47' title='bbox 284 964 360 1028; x_wconf 85' lang='lat' dir='ltr'>illos</span> <span class='ocrx_word' id='word_1_48' title='bbox 383 963 484 1028; x_wconf 83' lang='lat' dir='ltr'>fuisse</span> <span class='ocrx_word' id='word_1_49' title='bbox 506 963 690 1048; x_wconf 86' lang='lat' dir='ltr'>populoque</span> <span class='ocrx_word' id='word_1_50' title='bbox 714 964 812 1030; x_wconf 86' lang='lat' dir='ltr'>tritos</span> <span class='ocrx_word' id='word_1_51' title='bbox 836 962 1016 1047; x_wconf 78' lang='lat' dir='ltr'>efficitur.¹)</span> <span class='ocrx_word' id='word_1_52' title='bbox 1063 963 1225 1047; x_wconf 79' lang='lat' dir='ltr'>Dispositi</span> <span class='ocrx_word' id='word_1_53' title='bbox 1249 964 1357 1026; x_wconf 84' lang='lat' dir='ltr'>antem</span> <span class='ocrx_word' id='word_1_54' title='bbox 1375 969 1427 1022; x_wconf 74' lang='grc' dir='ltr'>ιιι</span> 
     </span>
     <span class='ocr_line' id='line_1_8' title="bbox 284 1069 1414 1154; baseline -0.007 -18"><span class='ocrx_word' id='word_1_55' title='bbox 284 1093 411 1136; x_wconf 83' lang='lat' dir='ltr'>summa</span> <span class='ocrx_word' id='word_1_56' title='bbox 433 1069 619 1154; x_wconf 73' lang='lat' dir='ltr'>diligentia,</span> <span class='ocrx_word' id='word_1_57' title='bbox 642 1092 717 1134; x_wconf 88' lang='lat' dir='ltr'>nam</span> <span class='ocrx_word' id='word_1_58' title='bbox 741 1069 874 1135; x_wconf 81' lang='lat'>45-48</span> <span class='ocrx_word' id='word_1_59' title='bbox 897 1070 1053 1150; x_wconf 79' lang='grc' dir='ltr'>κομμάτια</span> <span class='ocrx_word' id='word_1_60' title='bbox 1076 1073 1169 1153; x_wconf 78' lang='lat' dir='ltr'>sunt,</span> <span class='ocrx_word' id='word_1_61' title='bbox 1195 1091 1347 1134; x_wconf 78' lang='lat' dir='ltr'>versuum</span> <span class='ocrx_word' id='word_1_62' title='bbox 1370 1089 1414 1128; x_wconf 78' lang='lat' dir='ltr'>rau</span> 
     </span>
    </p>
   </div>
   <div class='ocr_carea' id='block_1_3' title="bbox 283 1174 1422 1369">
    <p class='ocr_par' dir='ltr' id='par_1_3' title="bbox 283 1174 1422 1369">
     <span class='ocr_line' id='line_1_9' title="bbox 283 1174 1422 1264; baseline -0.007 -21"><span class='ocrx_word' id='word_1_63' title='bbox 283 1178 428 1244; x_wconf 87' lang='lat' dir='ltr'>bicorum</span> <span class='ocrx_word' id='word_1_64' title='bbox 458 1178 597 1242; x_wconf 84' lang='lat' dir='ltr'>frustula</span> <span class='ocrx_word' id='word_1_65' title='bbox 604 1174 644 1262; x_wconf 79' lang='lat'>‚²)</span> <span class='ocrx_word' id='word_1_66' title='bbox 678 1181 857 1261; x_wconf 85' lang='lat' dir='ltr'>sequuntur</span> <span class='ocrx_word' id='word_1_67' title='bbox 883 1178 1015 1242; x_wconf 82' lang='lat'>49-56</span> <span class='ocrx_word' id='word_1_68' title='bbox 1044 1174 1192 1264; x_wconf 84' lang='lat' dir='ltr'>(excepto</span> <span class='ocrx_word' id='word_1_69' title='bbox 1219 1176 1265 1241; x_wconf 81' lang='lat'>50</span> <span class='ocrx_word' id='word_1_70' title='bbox 1294 1174 1422 1238; x_wconf 89' lang='lat' dir='ltr'>mutilato</span> 
     </span>
     <span class='ocr_line' id='line_1_10' title="bbox 284 1281 1417 1369; baseline -0.004 -21"><span class='ocrx_word' id='word_1_71' title='bbox 284 1286 426 1350; x_wconf 74' lang='lat' dir='ltr'>trimetri</span> <span class='ocrx_word' id='word_1_72' title='bbox 449 1285 578 1369; x_wconf 83' lang='lat' dir='ltr'>integri,</span> <span class='ocrx_word' id='word_1_73' title='bbox 600 1284 751 1350; x_wconf 88' lang='lat' dir='ltr'>ultimum</span> <span class='ocrx_word' id='word_1_74' title='bbox 774 1285 881 1350; x_wconf 85' lang='lat' dir='ltr'>locum</span> <span class='ocrx_word' id='word_1_75' title='bbox 900 1286 942 1350; x_wconf 78' lang='lat'>57</span> <span class='ocrx_word' id='word_1_76' title='bbox 963 1285 1006 1351; x_wconf 83' lang='lat'>58</span> <span class='ocrx_word' id='word_1_77' title='bbox 1026 1285 1177 1350; x_wconf 85' lang='lat' dir='ltr'>obtinent</span> <span class='ocrx_word' id='word_1_78' title='bbox 1198 1283 1262 1348; x_wconf 91' lang='lat' dir='ltr'>duo</span> <span class='ocrx_word' id='word_1_79' title='bbox 1286 1281 1417 1368; x_wconf 85' lang='lat' dir='ltr'>proverbi</span> 
     </span>
    </p>
   </div>
   <div class='ocr_carea' id='block_1_4' title="bbox 1409 1383 1423 1405">
    <p class='ocr_par' dir='ltr' id='par_1_4' title="bbox 1409 1383 1423 1405">
     <span class='ocr_line' id='line_1_11' title="bbox 1409 1383 1423 1405; baseline 0 -7"><span class='ocrx_word' id='word_1_80' title='bbox 1409 1383 1423 1405; x_wconf 67' lang='grc' dir='ltr'>μ</span> 
     </span>
    </p>
   </div>
   <div class='ocr_carea' id='block_1_5' title="bbox 283 1383 1447 2546">
    <p class='ocr_par' dir='ltr' id='par_1_5' title="bbox 283 1383 1449 2670">
     <span class='ocr_line' id='line_1_12' title="bbox 284 1383 1415 1476; baseline -0.008 -20"><span class='ocrx_word' id='word_1_81' title='bbox 284 1392 459 1476; x_wconf 80' lang='lat' dir='ltr'>dactylica,</span> <span class='ocrx_word' id='word_1_82' title='bbox 482 1391 573 1475; x_wconf 81' lang='lat' dir='ltr'>prius</span> <span class='ocrx_word' id='word_1_83' title='bbox 596 1391 783 1471; x_wconf 85' lang='grc' dir='ltr'>κομμάτιον,</span> <span class='ocrx_word' id='word_1_84' title='bbox 811 1392 975 1476; x_wconf 82' lang='lat' dir='ltr'>posterius</span> <span class='ocrx_word' id='word_1_85' title='bbox 998 1392 1184 1458; x_wconf 75' lang='lat' dir='ltr'>hexameter</span> <span class='ocrx_word' id='word_1_86' title='bbox 1207 1385 1361 1475; x_wconf 76' lang='lat' dir='ltr'>plenus.³)</span> <span class='ocrx_word' id='word_1_87' title='bbox 1398 1383 1415 1447; x_wconf 78' lang='lat' dir='ltr'>b</span> 
     </span>
     <span class='ocr_line' id='line_1_13' title="bbox 285 1495 1418 1586; baseline -0.007 -24"><span class='ocrx_word' id='word_1_88' title='bbox 285 1499 372 1586; x_wconf 84' lang='lat' dir='ltr'>milis</span> <span class='ocrx_word' id='word_1_89' title='bbox 395 1498 618 1583; x_wconf 81' lang='lat' dir='ltr'>discriptionis</span> <span class='ocrx_word' id='word_1_90' title='bbox 641 1499 781 1583; x_wconf 80' lang='lat' dir='ltr'>vestigia</span> <span class='ocrx_word' id='word_1_91' title='bbox 808 1499 844 1564; x_wconf 91' lang='lat' dir='ltr'>in</span> <span class='ocrx_word' id='word_1_92' title='bbox 867 1500 969 1564; x_wconf 88' lang='lat' dir='ltr'>altera</span> <span class='ocrx_word' id='word_1_93' title='bbox 996 1503 1088 1583; x_wconf 83' lang='lat' dir='ltr'>parte</span> <span class='ocrx_word' id='word_1_94' title='bbox 1111 1497 1222 1563; x_wconf 84' lang='lat' dir='ltr'>Attica</span> <span class='ocrx_word' id='word_1_95' title='bbox 1250 1495 1418 1580; x_wconf 77' lang='lat' dir='ltr'>potissimo</span> 
     </span>
     <span class='ocr_line' id='line_1_14' title="bbox 290 1603 1425 1689; baseline -0.004 -20"><span class='ocrx_word' id='word_1_96' title='bbox 290 1610 323 1670; x_wconf 88' lang='lat' dir='ltr'>et</span> <span class='ocrx_word' id='word_1_97' title='bbox 346 1604 506 1671; x_wconf 79' lang='lat' dir='ltr'>Laconica</span> <span class='ocrx_word' id='word_1_98' title='bbox 528 1604 700 1687; x_wconf 81' lang='lat' dir='ltr'>proverbia</span> <span class='ocrx_word' id='word_1_99' title='bbox 722 1606 910 1670; x_wconf 79' lang='lat' dir='ltr'>continente</span> <span class='ocrx_word' id='word_1_100' title='bbox 933 1606 987 1670; x_wconf 84' lang='lat' dir='ltr'>vix</span> <span class='ocrx_word' id='word_1_101' title='bbox 1011 1605 1208 1686; x_wconf 80' lang='lat' dir='ltr'>odoreberia,</span> <span class='ocrx_word' id='word_1_102' title='bbox 1231 1603 1384 1689; x_wconf 83' lang='lat' dir='ltr'>siquidem</span> <span class='ocrx_word' id='word_1_103' title='bbox 1417 1604 1425 1642; x_wconf 54' lang='grc' dir='ltr'>ἒ</span> 
     </span>
     <span class='ocr_line' id='line_1_15' title="bbox 284 1710 1423 1791; baseline -0.006 -13"><span class='ocrx_word' id='word_1_104' title='bbox 284 1712 424 1778; x_wconf 78' lang='grc' dir='ltr'>Πλάτων</span> <span class='ocrx_word' id='word_1_105' title='bbox 443 1714 483 1777; x_wconf 88' lang='grc'>61</span> <span class='ocrx_word' id='word_1_106' title='bbox 505 1710 653 1777; x_wconf 75' lang='grc' dir='ltr'>Λάκωνε(</span> <span class='ocrx_word' id='word_1_107' title='bbox 673 1713 716 1777; x_wconf 80' lang='lat'>62</span> <span class='ocrx_word' id='word_1_108' title='bbox 735 1711 872 1778; x_wconf 85' lang='grc' dir='ltr'>Ἀττικοὶ</span> <span class='ocrx_word' id='word_1_109' title='bbox 891 1713 934 1776; x_wconf 82' lang='grc'>63</span> <span class='ocrx_word' id='word_1_110' title='bbox 953 1710 1119 1791; x_wconf 82' lang='grc' dir='ltr'>Ἀθηναῖοι</span> <span class='ocrx_word' id='word_1_111' title='bbox 1137 1713 1181 1776; x_wconf 86' lang='grc'>64</span> <span class='ocrx_word' id='word_1_112' title='bbox 1199 1713 1339 1790; x_wconf 85' lang='grc' dir='ltr'>Δωριεῖε</span> <span class='ocrx_word' id='word_1_113' title='bbox 1355 1713 1423 1773; x_wconf 51' lang='lat' dir='ltr'>tosa</span> 
     </span>
     <span class='ocr_line' id='line_1_16' title="bbox 289 1817 1433 1904; baseline -0.008 -20"><span class='ocrx_word' id='word_1_114' title='bbox 289 1821 471 1885; x_wconf 81' lang='lat' dir='ltr'>excitentur</span> <span class='ocrx_word' id='word_1_115' title='bbox 498 1819 533 1882; x_wconf 91' lang='lat' dir='ltr'>in</span> <span class='ocrx_word' id='word_1_116' title='bbox 561 1820 744 1904; x_wconf 85' lang='lat' dir='ltr'>glossarum</span> <span class='ocrx_word' id='word_1_117' title='bbox 775 1820 1073 1904; x_wconf 80' lang='lat' dir='ltr'>interpretamentis</span> <span class='ocrx_word' id='word_1_118' title='bbox 1103 1841 1186 1904; x_wconf 87' lang='lat' dir='ltr'>quae</span> <span class='ocrx_word' id='word_1_119' title='bbox 1207 1819 1317 1903; x_wconf 83' lang='lat' dir='ltr'>ipsum</span> <span class='ocrx_word' id='word_1_120' title='bbox 1339 1817 1433 1879; x_wconf 83' lang='lat' dir='ltr'>lemna</span> 
     </span>
     <span class='ocr_line' id='line_1_17' title="bbox 284 1912 1446 2011; baseline -0.006 -19"><span class='ocrx_word' id='word_1_121' title='bbox 284 1927 392 1992; x_wconf 80' lang='lat' dir='ltr'>solent</span> <span class='ocrx_word' id='word_1_122' title='bbox 414 1923 601 2011; x_wconf 77' lang='lat' dir='ltr'>excipere.⁴)</span> <span class='ocrx_word' id='word_1_123' title='bbox 1445 1912 1446 1949; x_wconf 66' lang='lat'><em>³</em></span> 
     </span>
     <span class='ocr_line' id='line_1_18' title="bbox 372 2026 1431 2117; baseline -0.001 -20"><span class='ocrx_word' id='word_1_124' title='bbox 372 2031 523 2098; x_wconf 80' lang='lat' dir='ltr'>Ceterum</span> <span class='ocrx_word' id='word_1_125' title='bbox 537 2031 599 2096; x_wconf 91' lang='lat' dir='ltr'>hoc</span> <span class='ocrx_word' id='word_1_126' title='bbox 614 2031 833 2117; x_wconf 76' lang='lat' dir='ltr'>fragmentum</span> <span class='ocrx_word' id='word_1_127' title='bbox 848 2055 920 2098; x_wconf 83' lang='lat' dir='ltr'>curn</span> <span class='ocrx_word' id='word_1_128' title='bbox 930 2033 1184 2117; x_wconf 88' lang='lat' dir='ltr'>Byzantinorum</span> <span class='ocrx_word' id='word_1_129' title='bbox 1199 2032 1328 2095; x_wconf 88' lang='lat' dir='ltr'>animos</span> <span class='ocrx_word' id='word_1_130' title='bbox 1338 2026 1431 2113; x_wconf 78' lang='lat' dir='ltr'>lepido</span> 
     </span>
     <span class='ocr_line' id='line_1_19' title="bbox 283 2134 1434 2223; baseline -0.007 -20"><span class='ocrx_word' id='word_1_131' title='bbox 283 2140 411 2205; x_wconf 85' lang='lat' dir='ltr'>fabellis</span> <span class='ocrx_word' id='word_1_132' title='bbox 433 2161 501 2203; x_wconf 91' lang='lat' dir='ltr'>non</span> <span class='ocrx_word' id='word_1_133' title='bbox 523 2139 707 2223; x_wconf 83' lang='lat' dir='ltr'>delectaret,</span> <span class='ocrx_word' id='word_1_134' title='bbox 729 2161 885 2223; x_wconf 82' lang='lat' dir='ltr'>perquem</span> <span class='ocrx_word' id='word_1_135' title='bbox 910 2140 1017 2205; x_wconf 82' lang='lat' dir='ltr'>abeis</span> <span class='ocrx_word' id='word_1_136' title='bbox 1040 2140 1166 2204; x_wconf 86' lang='lat' dir='ltr'>videtur</span> <span class='ocrx_word' id='word_1_137' title='bbox 1189 2138 1382 2203; x_wconf 88' lang='lat' dir='ltr'>diminutum</span> <span class='ocrx_word' id='word_1_138' title='bbox 1398 2134 1434 2196; x_wconf 85' lang='lat' dir='ltr'>de</span> 
     </span>
     <span class='ocr_line' id='line_1_20' title="bbox 284 2239 1433 2330; baseline -0.01 -18"><span class='ocrx_word' id='word_1_139' title='bbox 284 2251 518 2330; x_wconf 87' lang='lat' dir='ltr'>curtatumque.</span> <span class='ocrx_word' id='word_1_140' title='bbox 564 2244 652 2320; x_wconf 80' lang='lat' dir='ltr'>Quae</span> <span class='ocrx_word' id='word_1_141' title='bbox 676 2245 814 2311; x_wconf 84' lang='lat' dir='ltr'>fortasse</span> <span class='ocrx_word' id='word_1_142' title='bbox 837 2269 937 2312; x_wconf 81' lang='lat' dir='ltr'>causa</span> <span class='ocrx_word' id='word_1_143' title='bbox 960 2251 1023 2329; x_wconf 85' lang='lat' dir='ltr'>est,</span> <span class='ocrx_word' id='word_1_144' title='bbox 1050 2269 1108 2312; x_wconf 89' lang='lat' dir='ltr'>cur</span> <span class='ocrx_word' id='word_1_145' title='bbox 1131 2267 1285 2329; x_wconf 83' lang='lat' dir='ltr'>expressa</span> <span class='ocrx_word' id='word_1_146' title='bbox 1315 2239 1433 2308; x_wconf 83' lang='lat' dir='ltr'>auctoris</span> 
     </span>
     <span class='ocr_line' id='line_1_21' title="bbox 286 2346 1447 2438; baseline -0.007 -19"><span class='ocrx_word' id='word_1_147' title='bbox 286 2353 426 2438; x_wconf 82' lang='lat' dir='ltr'>vestigia</span> <span class='ocrx_word' id='word_1_148' title='bbox 452 2353 574 2417; x_wconf 87' lang='lat' dir='ltr'>frustra</span> <span class='ocrx_word' id='word_1_149' title='bbox 602 2352 636 2417; x_wconf 95' lang='lat' dir='ltr'>in</span> <span class='ocrx_word' id='word_1_150' title='bbox 665 2375 702 2419; x_wconf 87' lang='lat' dir='ltr'>eo</span> <span class='ocrx_word' id='word_1_151' title='bbox 733 2376 879 2438; x_wconf 76' lang='lat' dir='ltr'>quaeras.</span> <span class='ocrx_word' id='word_1_152' title='bbox 925 2354 1127 2438; x_wconf 85' lang='lat' dir='ltr'>Quamquam</span> <span class='ocrx_word' id='word_1_153' title='bbox 1156 2353 1250 2436; x_wconf 81' lang='lat' dir='ltr'>quasi</span> <span class='ocrx_word' id='word_1_154' title='bbox 1278 2355 1390 2436; x_wconf 86' lang='lat' dir='ltr'>sponte</span> <span class='ocrx_word' id='word_1_155' title='bbox 1411 2346 1447 2409; x_wconf 54' lang='lat' dir='ltr'>ae*</span> 
     </span>
     <span class='ocr_line' id='line_1_22' title="bbox 285 2459 1436 2546; baseline -0.007 -19"><span class='ocrx_word' id='word_1_156' title='bbox 285 2461 393 2527; x_wconf 88' lang='lat' dir='ltr'>obfert</span> <span class='ocrx_word' id='word_1_157' title='bbox 415 2459 599 2526; x_wconf 87' lang='lat' dir='ltr'>coniectura</span> <span class='ocrx_word' id='word_1_158' title='bbox 622 2460 660 2525; x_wconf 85' lang='lat' dir='ltr'>de</span> <span class='ocrx_word' id='word_1_159' title='bbox 684 2460 894 2545; x_wconf 68' lang='lat' dir='ltr'>Arrctoptonc</span> <span class='ocrx_word' id='word_1_160' title='bbox 911 2461 1082 2546; x_wconf 71' lang='lat' dir='ltr'>Byzantio,</span> <span class='ocrx_word' id='word_1_161' title='bbox 1106 2460 1161 2546; x_wconf 90' lang='lat' dir='ltr'>qui</span> <span class='ocrx_word' id='word_1_162' title='bbox 1179 2459 1351 2545; x_wconf 81' lang='lat' dir='ltr'>proverbia</span> <span class='ocrx_word' id='word_1_163' title='bbox 1371 2476 1436 2520; x_wconf 91' lang='lat' dir='ltr'>con·</span> 
     </span>
    </p>
   </div>
   <div class='ocr_carea' id='block_1_6' title="bbox 247 2697 1448 4451">
    <p class='ocr_par' dir='ltr' id='par_1_6' title="bbox 247 2697 1448 3664">
     <span class='ocr_line' id='line_1_23' title="bbox 357 2697 1448 2778; baseline -0.008 -16"><span class='ocrx_word' id='word_1_164' title='bbox 357 2710 382 2778; x_wconf 93' lang='lat'>1)</span> <span class='ocrx_word' id='word_1_165' title='bbox 403 2706 507 2762; x_wconf 81' lang='lat' dir='ltr'>Similia</span> <span class='ocrx_word' id='word_1_166' title='bbox 529 2706 727 2775; x_wconf 73' lang='lat' dir='ltr'>disputationis</span> <span class='ocrx_word' id='word_1_167' title='bbox 746 2706 897 2763; x_wconf 76' lang='lat' dir='ltr'>bustulam</span> <span class='ocrx_word' id='word_1_168' title='bbox 915 2705 1062 2763; x_wconf 85' lang='lat' dir='ltr'>Helladiua</span> <span class='ocrx_word' id='word_1_169' title='bbox 1085 2706 1208 2761; x_wconf 77' lang='lat' dir='ltr'>servavit</span> <span class='ocrx_word' id='word_1_170' title='bbox 1231 2706 1307 2776; x_wconf 88' lang='lat' dir='ltr'>apud</span> <span class='ocrx_word' id='word_1_171' title='bbox 1324 2697 1448 2759; x_wconf 66' lang='lat' dir='ltr'>Photiun&#39;</span> 
     </span>
     <span class='ocr_line' id='line_1_24' title="bbox 284 2796 1437 2867; baseline -0.007 -14"><span class='ocrx_word' id='word_1_172' title='bbox 284 2798 351 2853; x_wconf 90' lang='lat' dir='ltr'>bibl.</span> <span class='ocrx_word' id='word_1_173' title='bbox 375 2814 402 2867; x_wconf 90' lang='lat' dir='ltr'>p.</span> <span class='ocrx_word' id='word_1_174' title='bbox 427 2802 498 2852; x_wconf 72' lang='lat'>530⁸</span> <span class='ocrx_word' id='word_1_175' title='bbox 521 2797 550 2849; x_wconf 89' lang='lat' dir='ltr'>B.</span> <span class='ocrx_word' id='word_1_176' title='bbox 578 2802 630 2851; x_wconf 73' lang='lat' dir='ltr'>Set</span> <span class='ocrx_word' id='word_1_177' title='bbox 653 2796 818 2853; x_wconf 77' lang='lat' dir='ltr'>Hoerehel.:</span> <span class='ocrx_word' id='word_1_178' title='bbox 845 2799 890 2851; x_wconf 81' lang='grc' dir='ltr'>ὅτι</span> <span class='ocrx_word' id='word_1_179' title='bbox 917 2798 934 2849; x_wconf 83' lang='grc' dir='ltr'>ὁ</span> <span class='ocrx_word' id='word_1_180' title='bbox 961 2797 1074 2863; x_wconf 87' lang='grc' dir='ltr'>ετίχοε</span> <span class='ocrx_word' id='word_1_181' title='bbox 1100 2798 1116 2849; x_wconf 87' lang='grc' dir='ltr'>ά</span> <span class='ocrx_word' id='word_1_182' title='bbox 1143 2797 1437 2863; x_wconf 70' lang='grc' dir='ltr'>παροιμιαζόμενοι</span> 
     </span>
     <span class='ocr_line' id='line_1_25' title="bbox 286 2883 1437 2955; baseline -0.01 -14"><span class='ocrx_word' id='word_1_183' title='bbox 286 2888 398 2955; x_wconf 64' lang='grc' dir='ltr'>’ὅρκουε</span> <span class='ocrx_word' id='word_1_184' title='bbox 417 2887 473 2951; x_wconf 78' lang='grc' dir='ltr'>ἐγὼ</span> <span class='ocrx_word' id='word_1_185' title='bbox 491 2890 632 2951; x_wconf 89' lang='grc' dir='ltr'>γυναικῶν</span> <span class='ocrx_word' id='word_1_186' title='bbox 651 2886 689 2939; x_wconf 78' lang='lat' dir='ltr'>etc</span> <span class='ocrx_word' id='word_1_187' title='bbox 706 2888 785 2953; x_wconf 82' lang='grc' dir='ltr'>ὕδωρ</span> <span class='ocrx_word' id='word_1_188' title='bbox 803 2886 917 2954; x_wconf 88' lang='grc' dir='ltr'>γράφω’</span> <span class='ocrx_word' id='word_1_189' title='bbox 940 2886 984 2955; x_wconf 86' lang='lat' dir='ltr'>(cf.</span> <span class='ocrx_word' id='word_1_190' title='bbox 1004 2885 1108 2942; x_wconf 81' lang='lat' dir='ltr'>Macar.</span> <span class='ocrx_word' id='word_1_191' title='bbox 1128 2884 1167 2939; x_wconf 89' lang='lat' dir='ltr'>VI</span> <span class='ocrx_word' id='word_1_192' title='bbox 1181 2891 1224 2953; x_wconf 82' lang='lat'>48,</span> <span class='ocrx_word' id='word_1_193' title='bbox 1244 2885 1299 2941; x_wconf 84' lang='lat' dir='ltr'>vol.</span> <span class='ocrx_word' id='word_1_194' title='bbox 1319 2883 1345 2937; x_wconf 83' lang='grc' dir='ltr'>ΙΙ</span> <span class='ocrx_word' id='word_1_195' title='bbox 1360 2901 1385 2951; x_wconf 90' lang='lat' dir='ltr'>p.</span> <span class='ocrx_word' id='word_1_196' title='bbox 1400 2885 1437 2932; x_wconf 73' lang='lat'>194</span> 
     </span>
     <span class='ocr_line' id='line_1_26' title="bbox 285 2973 1438 3045; baseline -0.01 -15"><span class='ocrx_word' id='word_1_197' title='bbox 285 3002 319 3023; x_wconf 89' lang='lat'>=</span> <span class='ocrx_word' id='word_1_198' title='bbox 338 2976 441 3045; x_wconf 85' lang='lat' dir='ltr'>Phryn.</span> <span class='ocrx_word' id='word_1_199' title='bbox 460 2974 511 3028; x_wconf 83' lang='lat' dir='ltr'>Bk.</span> <span class='ocrx_word' id='word_1_200' title='bbox 530 2991 557 3042; x_wconf 89' lang='lat' dir='ltr'>p.</span> <span class='ocrx_word' id='word_1_201' title='bbox 578 2979 620 3042; x_wconf 78' lang='lat'>55,</span> <span class='ocrx_word' id='word_1_202' title='bbox 637 2978 680 3044; x_wconf 80' lang='grc'>17)</span> <span class='ocrx_word' id='word_1_203' title='bbox 700 2976 768 3029; x_wconf 85' lang='grc' dir='ltr'>ἐετί</span> <span class='ocrx_word' id='word_1_204' title='bbox 792 2977 853 3041; x_wconf 86' lang='grc' dir='ltr'>μὲν</span> <span class='ocrx_word' id='word_1_205' title='bbox 873 2976 1090 3043; x_wconf 84' lang='grc' dir='ltr'>(οιροκλέουε</span> <span class='ocrx_word' id='word_1_206' title='bbox 1108 2976 1153 3043; x_wconf 83' lang='lat' dir='ltr'>(fr.</span> <span class='ocrx_word' id='word_1_207' title='bbox 1173 2980 1225 3029; x_wconf 82' lang='lat'>694</span> <span class='ocrx_word' id='word_1_208' title='bbox 1243 2973 1332 3042; x_wconf 72' lang='lat' dir='ltr'>Det),</span> <span class='ocrx_word' id='word_1_209' title='bbox 1353 2976 1438 3025; x_wconf 80' lang='grc' dir='ltr'>τοῦτον</span> 
     </span>
     <span class='ocr_line' id='line_1_27' title="bbox 285 3056 1440 3134; baseline -0.005 -16"><span class='ocrx_word' id='word_1_210' title='bbox 285 3066 316 3118; x_wconf 81' lang='grc' dir='ltr'>δὲ</span> <span class='ocrx_word' id='word_1_211' title='bbox 333 3064 538 3134; x_wconf 86' lang='grc' dir='ltr'>παρῳδήεαε</span> <span class='ocrx_word' id='word_1_212' title='bbox 556 3064 572 3115; x_wconf 88' lang='grc' dir='ltr'>ὁ</span> <span class='ocrx_word' id='word_1_213' title='bbox 591 3062 746 3131; x_wconf 76' lang='grc' dir='ltr'>Φιλωνίδῃ(</span> <span class='ocrx_word' id='word_1_214' title='bbox 764 3065 807 3133; x_wconf 87' lang='lat' dir='ltr'>(fr.</span> <span class='ocrx_word' id='word_1_215' title='bbox 824 3071 838 3117; x_wconf 80' lang='lat'><strong>7</strong></span> <span class='ocrx_word' id='word_1_216' title='bbox 853 3081 880 3133; x_wconf 88' lang='lat' dir='ltr'>p.</span> <span class='ocrx_word' id='word_1_217' title='bbox 895 3070 947 3118; x_wconf 78' lang='lat'>256</span> <span class='ocrx_word' id='word_1_218' title='bbox 961 3063 1005 3134; x_wconf 91' lang='grc' dir='ltr'>Κ.)</span> <span class='ocrx_word' id='word_1_219' title='bbox 1025 3065 1095 3132; x_wconf 82' lang='grc' dir='ltr'>ἔφη·</span> <span class='ocrx_word' id='word_1_220' title='bbox 1116 3064 1229 3131; x_wconf 65' lang='grc' dir='ltr'>’ὅρκοαε</span> <span class='ocrx_word' id='word_1_221' title='bbox 1247 3064 1278 3116; x_wconf 80' lang='grc' dir='ltr'>δὲ</span> <span class='ocrx_word' id='word_1_222' title='bbox 1297 3066 1395 3129; x_wconf 84' lang='grc' dir='ltr'>μοιχῶν</span> <span class='ocrx_word' id='word_1_223' title='bbox 1410 3056 1440 3108; x_wconf 74' lang='grc' dir='ltr'>εἰ(</span> 
     </span>
     <span class='ocr_line' id='line_1_28' title="bbox 283 3145 1438 3221; baseline -0.003 -14"><span class='ocrx_word' id='word_1_224' title='bbox 283 3154 391 3221; x_wconf 83' lang='grc' dir='ltr'>τέφραν</span> <span class='ocrx_word' id='word_1_225' title='bbox 410 3152 466 3217; x_wconf 86' lang='grc' dir='ltr'>ἐγὼ</span> <span class='ocrx_word' id='word_1_226' title='bbox 485 3150 612 3218; x_wconf 88' lang='grc' dir='ltr'>γράφω’·</span> <span class='ocrx_word' id='word_1_227' title='bbox 633 3152 664 3205; x_wconf 85' lang='lat' dir='ltr'>ot</span> <span class='ocrx_word' id='word_1_228' title='bbox 684 3153 718 3205; x_wconf 82' lang='grc' dir='ltr'>δὲ</span> <span class='ocrx_word' id='word_1_229' title='bbox 742 3153 792 3205; x_wconf 81' lang='grc' dir='ltr'>τά(</span> <span class='ocrx_word' id='word_1_230' title='bbox 809 3159 941 3216; x_wconf 81' lang='grc' dir='ltr'>γυναῖκα(</span> <span class='ocrx_word' id='word_1_231' title='bbox 965 3152 1138 3206; x_wconf 83' lang='grc' dir='ltr'>εκώπτονπέε</span> <span class='ocrx_word' id='word_1_232' title='bbox 1156 3168 1251 3219; x_wconf 89' lang='grc' dir='ltr'>φαειν·</span> <span class='ocrx_word' id='word_1_233' title='bbox 1277 3153 1375 3218; x_wconf 81' lang='grc' dir='ltr'>ὅρκου(</span> <span class='ocrx_word' id='word_1_234' title='bbox 1395 3145 1438 3210; x_wconf 68' lang='grc' dir='ltr'>ἐγὼ</span> 
     </span>
     <span class='ocr_line' id='line_1_29' title="bbox 284 3238 1437 3311; baseline -0.003 -16"><span class='ocrx_word' id='word_1_235' title='bbox 284 3246 424 3307; x_wconf 86' lang='grc' dir='ltr'>γυναικῶν</span> <span class='ocrx_word' id='word_1_236' title='bbox 438 3240 476 3294; x_wconf 79' lang='lat' dir='ltr'>etc</span> <span class='ocrx_word' id='word_1_237' title='bbox 495 3242 590 3294; x_wconf 79' lang='grc' dir='ltr'>οἶκτον</span> <span class='ocrx_word' id='word_1_238' title='bbox 608 3242 710 3308; x_wconf 82' lang='grc' dir='ltr'>γράφω</span> <span class='ocrx_word' id='word_1_239' title='bbox 731 3243 793 3311; x_wconf 79' lang='lat' dir='ltr'>(scr.</span> <span class='ocrx_word' id='word_1_240' title='bbox 812 3241 944 3307; x_wconf 86' lang='grc' dir='ltr'>γυναικὸε</span> <span class='ocrx_word' id='word_1_241' title='bbox 962 3242 992 3296; x_wconf 88' lang='lat' dir='ltr'>et</span> <span class='ocrx_word' id='word_1_242' title='bbox 1010 3242 1087 3295; x_wconf 75' lang='grc' dir='ltr'>οἶνον</span> <span class='ocrx_word' id='word_1_243' title='bbox 1111 3248 1175 3294; x_wconf 80' lang='lat' dir='ltr'>cuni</span> <span class='ocrx_word' id='word_1_244' title='bbox 1193 3239 1296 3295; x_wconf 84' lang='lat' dir='ltr'>Athen.</span> <span class='ocrx_word' id='word_1_245' title='bbox 1315 3239 1340 3292; x_wconf 87' lang='lat' dir='ltr'>X</span> <span class='ocrx_word' id='word_1_246' title='bbox 1357 3255 1381 3307; x_wconf 90' lang='lat' dir='ltr'>p.</span> <span class='ocrx_word' id='word_1_247' title='bbox 1398 3238 1437 3287; x_wconf 84' lang='grc'>441</span> 
     </span>
     <span class='ocr_line' id='line_1_30' title="bbox 284 3324 1439 3400; baseline -0.005 -18"><span class='ocrx_word' id='word_1_248' title='bbox 284 3329 316 3399; x_wconf 82' lang='grc' dir='ltr'>Ε,</span> <span class='ocrx_word' id='word_1_249' title='bbox 334 3329 383 3385; x_wconf 84' lang='lat' dir='ltr'>ubi</span> <span class='ocrx_word' id='word_1_250' title='bbox 400 3329 546 3383; x_wconf 87' lang='lat' dir='ltr'>Xenarcho</span> <span class='ocrx_word' id='word_1_251' title='bbox 566 3328 673 3385; x_wconf 89' lang='lat' dir='ltr'>comico</span> <span class='ocrx_word' id='word_1_252' title='bbox 692 3346 789 3384; x_wconf 76' lang='lat' dir='ltr'>versuo</span> <span class='ocrx_word' id='word_1_253' title='bbox 804 3330 982 3400; x_wconf 80' lang='lat' dir='ltr'>vindicetur).</span> <span class='ocrx_word' id='word_1_254' title='bbox 1019 3330 1097 3394; x_wconf 81' lang='lat' dir='ltr'>Quae</span> <span class='ocrx_word' id='word_1_255' title='bbox 1120 3346 1154 3383; x_wconf 81' lang='lat' dir='ltr'>ex</span> <span class='ocrx_word' id='word_1_256' title='bbox 1172 3328 1285 3399; x_wconf 84' lang='lat' dir='ltr'>Didymi</span> <span class='ocrx_word' id='word_1_257' title='bbox 1302 3326 1379 3383; x_wconf 80' lang='lat' dir='ltr'>libris</span> <span class='ocrx_word' id='word_1_258' title='bbox 1390 3324 1439 3389; x_wconf 84' lang='grc' dir='ltr'>περὶ</span> 
     </span>
     <span class='ocr_line' id='line_1_31' title="bbox 285 3412 1438 3488; baseline -0.004 -15"><span class='ocrx_word' id='word_1_259' title='bbox 285 3425 439 3486; x_wconf 84' lang='grc' dir='ltr'>παροιμιῶν</span> <span class='ocrx_word' id='word_1_260' title='bbox 453 3418 593 3473; x_wconf 86' lang='lat' dir='ltr'>fluxerunt</span> <span class='ocrx_word' id='word_1_261' title='bbox 610 3418 706 3488; x_wconf 88' lang='lat' dir='ltr'>paullo</span> <span class='ocrx_word' id='word_1_262' title='bbox 721 3420 786 3474; x_wconf 87' lang='lat' dir='ltr'>ante</span> <span class='ocrx_word' id='word_1_263' title='bbox 801 3419 838 3473; x_wconf 77' lang='lat' dir='ltr'>ab</span> <span class='ocrx_word' id='word_1_264' title='bbox 851 3419 982 3475; x_wconf 90' lang='lat' dir='ltr'>Helladio</span> <span class='ocrx_word' id='word_1_265' title='bbox 995 3418 1127 3474; x_wconf 58' lang='lat' dir='ltr'>nudatis.</span> <span class='ocrx_word' id='word_1_266' title='bbox 1159 3418 1200 3473; x_wconf 92' lang='lat' dir='ltr'>De</span> <span class='ocrx_word' id='word_1_267' title='bbox 1214 3435 1266 3472; x_wconf 78' lang='lat' dir='ltr'>usu</span> <span class='ocrx_word' id='word_1_268' title='bbox 1280 3412 1438 3486; x_wconf 80' lang='lat' dir='ltr'>parodiecin</span> 
     </span>
     <span class='ocr_line' id='line_1_32' title="bbox 285 3502 1439 3577; baseline -0.004 -18"><span class='ocrx_word' id='word_1_269' title='bbox 285 3506 382 3575; x_wconf 84' lang='lat' dir='ltr'>primis</span> <span class='ocrx_word' id='word_1_270' title='bbox 402 3502 565 3561; x_wconf 83' lang='lat' dir='ltr'>considendi</span> <span class='ocrx_word' id='word_1_271' title='bbox 577 3506 622 3563; x_wconf 93' lang='lat' dir='ltr'>W.</span> <span class='ocrx_word' id='word_1_272' title='bbox 637 3505 764 3562; x_wconf 83' lang='lat' dir='ltr'>Ribbeck</span> <span class='ocrx_word' id='word_1_273' title='bbox 782 3525 845 3577; x_wconf 83' lang='lat' dir='ltr'>app.</span> <span class='ocrx_word' id='word_1_274' title='bbox 861 3508 898 3562; x_wconf 82' lang='lat' dir='ltr'>ad</span> <span class='ocrx_word' id='word_1_275' title='bbox 911 3505 1052 3576; x_wconf 79' lang='lat' dir='ltr'>Aristoph.</span> <span class='ocrx_word' id='word_1_276' title='bbox 1071 3506 1191 3562; x_wconf 81' lang='lat' dir='ltr'>Acharn.</span> <span class='ocrx_word' id='word_1_277' title='bbox 1210 3524 1237 3576; x_wconf 88' lang='lat' dir='ltr'>p.</span> <span class='ocrx_word' id='word_1_278' title='bbox 1257 3511 1308 3560; x_wconf 75' lang='lat'>267</span> <span class='ocrx_word' id='word_1_279' title='bbox 1325 3523 1380 3572; x_wconf 87' lang='lat' dir='ltr'>sqq.</span> <span class='ocrx_word' id='word_1_280' title='bbox 1398 3506 1439 3554; x_wconf 78' lang='lat'>323</span> 
     </span>
     <span class='ocr_line' id='line_1_33' title="bbox 247 3594 1162 3664; baseline -0.001 -14"><span class='ocrx_word' id='word_1_281' title='bbox 247 3610 250 3619; x_wconf 79' lang='grc'>’</span> <span class='ocrx_word' id='word_1_282' title='bbox 286 3599 315 3652; x_wconf 93' lang='lat' dir='ltr'>et</span> <span class='ocrx_word' id='word_1_283' title='bbox 333 3596 377 3650; x_wconf 89' lang='lat' dir='ltr'>W.</span> <span class='ocrx_word' id='word_1_284' title='bbox 396 3594 428 3648; x_wconf 77' lang='lat' dir='ltr'>G.</span> <span class='ocrx_word' id='word_1_285' title='bbox 448 3595 618 3649; x_wconf 84' lang='lat' dir='ltr'>Rutherford</span> <span class='ocrx_word' id='word_1_286' title='bbox 638 3594 698 3649; x_wconf 82' lang='lat' dir='ltr'>‘the</span> <span class='ocrx_word' id='word_1_287' title='bbox 717 3612 778 3649; x_wconf 83' lang='lat' dir='ltr'>new</span> <span class='ocrx_word' id='word_1_288' title='bbox 795 3596 980 3664; x_wconf 80' lang='lat' dir='ltr'>Phrynichuu&#39;</span> <span class='ocrx_word' id='word_1_289' title='bbox 1000 3613 1027 3664; x_wconf 89' lang='lat' dir='ltr'>p.</span> <span class='ocrx_word' id='word_1_290' title='bbox 1048 3601 1162 3649; x_wconf 77' lang='grc'>36-47.</span> 
     </span>
    </p>

    <p class='ocr_par' dir='ltr' id='par_1_7' title="bbox 285 3681 1439 4019">
     <span class='ocr_line' id='line_1_34' title="bbox 357 3681 1438 3754; baseline -0.004 -16"><span class='ocrx_word' id='word_1_291' title='bbox 357 3686 384 3751; x_wconf 80' lang='lat'>2)</span> <span class='ocrx_word' id='word_1_292' title='bbox 403 3684 479 3738; x_wconf 84' lang='lat' dir='ltr'>Note</span> <span class='ocrx_word' id='word_1_293' title='bbox 501 3689 535 3736; x_wconf 82' lang='lat'>45</span> <span class='ocrx_word' id='word_1_294' title='bbox 555 3689 729 3750; x_wconf 69' lang='grc' dir='ltr'>κομματικῶς</span> <span class='ocrx_word' id='word_1_295' title='bbox 747 3690 833 3739; x_wconf 78' lang='grc' dir='ltr'>τοῦτο</span> <span class='ocrx_word' id='word_1_296' title='bbox 853 3725 859 3738; x_wconf 94' lang='grc'><strong>.</strong></span> <span class='ocrx_word' id='word_1_297' title='bbox 933 3685 1082 3754; x_wconf 83' lang='grc' dir='ltr'>εἵλκαεται,</span> <span class='ocrx_word' id='word_1_298' title='bbox 1106 3691 1139 3738; x_wconf 85' lang='grc'>46</span> <span class='ocrx_word' id='word_1_299' title='bbox 1159 3681 1282 3750; x_wconf 76' lang='grc' dir='ltr'>ἰαμβείου</span> <span class='ocrx_word' id='word_1_300' title='bbox 1302 3684 1393 3749; x_wconf 85' lang='grc' dir='ltr'>μέροε,</span> <span class='ocrx_word' id='word_1_301' title='bbox 1412 3682 1438 3730; x_wconf 77' lang='lat' dir='ltr'>tt</span> 
     </span>
     <span class='ocr_line' id='line_1_35' title="bbox 285 3771 1437 3841; baseline -0.006 -14"><span class='ocrx_word' id='word_1_302' title='bbox 285 3777 389 3827; x_wconf 79' lang='grc' dir='ltr'>τοῦτο</span> <span class='ocrx_word' id='word_1_303' title='bbox 408 3773 446 3825; x_wconf 87' lang='grc' dir='ltr'>τὸ</span> <span class='ocrx_word' id='word_1_304' title='bbox 465 3773 659 3838; x_wconf 85' lang='grc' dir='ltr'>κομμάτιον.</span> <span class='ocrx_word' id='word_1_305' title='bbox 693 3771 800 3827; x_wconf 85' lang='lat' dir='ltr'>Eadem</span> <span class='ocrx_word' id='word_1_306' title='bbox 813 3773 922 3828; x_wconf 86' lang='lat' dir='ltr'>ratione</span> <span class='ocrx_word' id='word_1_307' title='bbox 937 3772 1018 3829; x_wconf 89' lang='lat' dir='ltr'>Phot.</span> <span class='ocrx_word' id='word_1_308' title='bbox 1034 3772 1047 3824; x_wconf 95' lang='lat' dir='ltr'>I</span> <span class='ocrx_word' id='word_1_309' title='bbox 1061 3790 1087 3841; x_wconf 93' lang='lat' dir='ltr'>p.</span> <span class='ocrx_word' id='word_1_310' title='bbox 1103 3778 1156 3827; x_wconf 78' lang='lat'>305</span> <span class='ocrx_word' id='word_1_311' title='bbox 1170 3772 1205 3827; x_wconf 86' lang='lat' dir='ltr'>N.</span> <span class='ocrx_word' id='word_1_312' title='bbox 1220 3774 1289 3839; x_wconf 87' lang='grc' dir='ltr'>κακὴ</span> <span class='ocrx_word' id='word_1_313' title='bbox 1309 3772 1358 3839; x_wconf 78' lang='grc' dir='ltr'>μὲν</span> <span class='ocrx_word' id='word_1_314' title='bbox 1375 3771 1437 3834; x_wconf 83' lang='grc' dir='ltr'>άψκ·</span> 
     </span>
     <span class='ocr_line' id='line_1_36' title="bbox 286 3861 1439 3933; baseline 0 -19"><span class='ocrx_word' id='word_1_315' title='bbox 286 3862 405 3928; x_wconf 89' lang='grc' dir='ltr'>κόμμα·</span> <span class='ocrx_word' id='word_1_316' title='bbox 437 3862 582 3929; x_wconf 79' lang='grc' dir='ltr'>παροιμία·</span> <span class='ocrx_word' id='word_1_317' title='bbox 616 3864 686 3929; x_wconf 86' lang='grc' dir='ltr'>κακὴ</span> <span class='ocrx_word' id='word_1_318' title='bbox 716 3864 767 3927; x_wconf 85' lang='grc' dir='ltr'>μὲν</span> <span class='ocrx_word' id='word_1_319' title='bbox 800 3864 863 3929; x_wconf 71' lang='grc' dir='ltr'>ὄψι(</span> <span class='ocrx_word' id='word_1_320' title='bbox 890 3862 920 3916; x_wconf 85' lang='grc' dir='ltr'>ἐν</span> <span class='ocrx_word' id='word_1_321' title='bbox 948 3864 978 3916; x_wconf 80' lang='grc' dir='ltr'>δὲ</span> <span class='ocrx_word' id='word_1_322' title='bbox 1006 3863 1122 3917; x_wconf 81' lang='grc' dir='ltr'>δείλαιοι</span> <span class='ocrx_word' id='word_1_323' title='bbox 1140 3861 1262 3933; x_wconf 69' lang='grc' dir='ltr'>ζφρένεε·</span> <span class='ocrx_word' id='word_1_324' title='bbox 1294 3861 1439 3925; x_wconf 69' lang='lat' dir='ltr'>nomme</span> 
     </span>
     <span class='ocr_line' id='line_1_37' title="bbox 286 3950 435 4019; baseline -0.007 -14"><span class='ocrx_word' id='word_1_325' title='bbox 286 3950 435 4019; x_wconf 85' lang='grc' dir='ltr'>(ικαωνίιμ.</span> 
     </span>
    </p>

    <p class='ocr_par' dir='ltr' id='par_1_8' title="bbox 284 4038 1438 4288">
     <span class='ocr_line' id='line_1_38' title="bbox 357 4038 1437 4112; baseline -0.001 -20"><span class='ocrx_word' id='word_1_326' title='bbox 357 4040 383 4107; x_wconf 87' lang='grc'>3)</span> <span class='ocrx_word' id='word_1_327' title='bbox 403 4039 478 4093; x_wconf 83' lang='lat' dir='ltr'>Nota</span> <span class='ocrx_word' id='word_1_328' title='bbox 496 4045 581 4093; x_wconf 85' lang='grc' dir='ltr'>τοθτο</span> <span class='ocrx_word' id='word_1_329' title='bbox 601 4042 649 4109; x_wconf 85' lang='lat' dir='ltr'>(sc.</span> <span class='ocrx_word' id='word_1_330' title='bbox 669 4040 792 4107; x_wconf 75' lang='lat' dir='ltr'>toussetor</span> <span class='ocrx_word' id='word_1_331' title='bbox 816 4041 860 4095; x_wconf 88' lang='lat' dir='ltr'>vel</span> <span class='ocrx_word' id='word_1_332' title='bbox 884 4042 1047 4112; x_wconf 88' lang='grc' dir='ltr'>κομμάτιον)</span> <span class='ocrx_word' id='word_1_333' title='bbox 1073 4045 1177 4096; x_wconf 78' lang='grc'><strong>50-55</strong></span> <span class='ocrx_word' id='word_1_334' title='bbox 1197 4045 1229 4094; x_wconf 78' lang='grc'>57</span> <span class='ocrx_word' id='word_1_335' title='bbox 1255 4038 1383 4093; x_wconf 76' lang='lat' dir='ltr'>substitui</span> <span class='ocrx_word' id='word_1_336' title='bbox 1398 4049 1437 4104; x_wconf 87' lang='lat' dir='ltr'>pro</span> 
     </span>
     <span class='ocr_line' id='line_1_39' title="bbox 285 4123 1438 4199; baseline -0.003 -17"><span class='ocrx_word' id='word_1_337' title='bbox 285 4130 356 4196; x_wconf 87' lang='grc' dir='ltr'>αὕτη</span> <span class='ocrx_word' id='word_1_338' title='bbox 384 4130 432 4199; x_wconf 86' lang='lat' dir='ltr'>(sc.</span> <span class='ocrx_word' id='word_1_339' title='bbox 451 4129 593 4198; x_wconf 81' lang='grc' dir='ltr'>παροιμία)</span> <span class='ocrx_word' id='word_1_340' title='bbox 619 4128 760 4195; x_wconf 78' lang='grc' dir='ltr'>εοΙΙοιιιαί;</span> <span class='ocrx_word' id='word_1_341' title='bbox 783 4135 818 4183; x_wconf 79' lang='grc'>47</span> <span class='ocrx_word' id='word_1_342' title='bbox 836 4135 923 4184; x_wconf 81' lang='grc' dir='ltr'>τοῦτο</span> <span class='ocrx_word' id='word_1_343' title='bbox 946 4132 979 4185; x_wconf 90' lang='grc' dir='ltr'>τὸ</span> <span class='ocrx_word' id='word_1_344' title='bbox 1003 4130 1155 4198; x_wconf 87' lang='grc' dir='ltr'>κομμάτιον</span> <span class='ocrx_word' id='word_1_345' title='bbox 1174 4173 1181 4185; x_wconf 89' lang='grc'><strong>.</strong></span> <span class='ocrx_word' id='word_1_346' title='bbox 1201 4173 1207 4184; x_wconf 93' lang='grc'><strong>.</strong></span> <span class='ocrx_word' id='word_1_347' title='bbox 1227 4170 1233 4182; x_wconf 91' lang='grc'><strong>.</strong></span> <span class='ocrx_word' id='word_1_348' title='bbox 1253 4128 1291 4182; x_wconf 86' lang='grc' dir='ltr'>είε</span> <span class='ocrx_word' id='word_1_349' title='bbox 1307 4123 1438 4195; x_wconf 82' lang='grc' dir='ltr'>παροιμίαν</span> 
     </span>
     <span class='ocr_line' id='line_1_40' title="bbox 284 4218 939 4288; baseline 0.003 -17"><span class='ocrx_word' id='word_1_350' title='bbox 284 4219 423 4285; x_wconf 84' lang='grc' dir='ltr'>περιέετη;</span> <span class='ocrx_word' id='word_1_351' title='bbox 442 4222 477 4270; x_wconf 85' lang='grc'>49</span> <span class='ocrx_word' id='word_1_352' title='bbox 497 4218 512 4270; x_wconf 88' lang='grc' dir='ltr'>ὁ</span> <span class='ocrx_word' id='word_1_353' title='bbox 531 4219 621 4284; x_wconf 87' lang='grc' dir='ltr'>ετίχοε</span> <span class='ocrx_word' id='word_1_354' title='bbox 640 4220 669 4272; x_wconf 83' lang='grc' dir='ltr'>δέ</span> <span class='ocrx_word' id='word_1_355' title='bbox 687 4220 742 4273; x_wconf 81' lang='grc' dir='ltr'>ὲετι</span> <span class='ocrx_word' id='word_1_356' title='bbox 761 4220 939 4288; x_wconf 71' lang='grc' dir='ltr'>Χαιρήμονος.</span> 
     </span>
    </p>

    <p class='ocr_par' dir='ltr' id='par_1_9' title="bbox 284 4303 1437 4451">
     <span class='ocr_line' id='line_1_41' title="bbox 356 4303 1437 4378; baseline -0.006 -20"><span class='ocrx_word' id='word_1_357' title='bbox 356 4306 384 4374; x_wconf 87' lang='grc'>4)</span> <span class='ocrx_word' id='word_1_358' title='bbox 403 4304 479 4359; x_wconf 80' lang='lat' dir='ltr'>Note</span> <span class='ocrx_word' id='word_1_359' title='bbox 493 4306 598 4373; x_wconf 87' lang='grc' dir='ltr'>εἴρηται</span> <span class='ocrx_word' id='word_1_360' title='bbox 614 4307 644 4360; x_wconf 82' lang='grc' dir='ltr'>δὲ</span> <span class='ocrx_word' id='word_1_361' title='bbox 658 4308 743 4360; x_wconf 87' lang='grc' dir='ltr'>κατὰ</span> <span class='ocrx_word' id='word_1_362' title='bbox 757 4311 912 4372; x_wconf 86' lang='grc' dir='ltr'>γλῶτταν</span> <span class='ocrx_word' id='word_1_363' title='bbox 922 4314 965 4377; x_wconf 77' lang='grc'>69,</span> <span class='ocrx_word' id='word_1_364' title='bbox 978 4309 1086 4374; x_wconf 85' lang='grc' dir='ltr'>λέγουει</span> <span class='ocrx_word' id='word_1_365' title='bbox 1095 4331 1130 4353; x_wconf 88' lang='lat'>==</span> <span class='ocrx_word' id='word_1_366' title='bbox 1140 4308 1286 4378; x_wconf 73' lang='lat' dir='ltr'>appellant</span> <span class='ocrx_word' id='word_1_367' title='bbox 1300 4312 1342 4373; x_wconf 80' lang='lat'>60,</span> <span class='ocrx_word' id='word_1_368' title='bbox 1354 4303 1437 4359; x_wconf 86' lang='lat' dir='ltr'>eodem</span> 
     </span>
     <span class='ocr_line' id='line_1_42' title="bbox 284 4397 626 4451; baseline -0.006 -2"><span class='ocrx_word' id='word_1_369' title='bbox 284 4410 367 4449; x_wconf 74' lang='lat' dir='ltr'>sensu</span> <span class='ocrx_word' id='word_1_370' title='bbox 384 4397 494 4448; x_wconf 83' lang='grc' dir='ltr'>καλοῠει</span> <span class='ocrx_word' id='word_1_371' title='bbox 513 4400 626 4451; x_wconf 80' lang='grc'><strong>61-64.</strong></span> 
     </span>
    </p>
   </div>
   <div class='ocr_carea' id='block_1_7' title="bbox 0 0 1468 5044">
    <p class='ocr_par' dir='ltr' id='par_1_10' title="bbox 0 0 1468 5044">
     <span class='ocr_line' id='line_1_43' title="bbox 0 0 1468 5044; baseline 0 0"><span class='ocrx_word' id='word_1_372' title='bbox 0 0 1468 5044; x_wconf 95' lang='lat' dir='ltr'> </span> 
     </span>
    </p>
   </div>
  </div>
 </body>
</html>
