2925 5050
732 270 946 336 „90-

254 428 329 515 (scr.
359 429 471 518 ἔργον)
498 431 543 512 ἦν
564 430 577 515 ΙΙ
599 431 699 509 ὕδωρ
730 434 952 511 διαμετρεῖν
981 436 1063 505 τοῖς
1094 433 1361 513 δικαζομένοις
1388 439 1414 498 et

254 542 481 625 argumentum
504 537 633 603 Atticae
661 537 846 605 comoediae
875 543 926 605 est
953 543 987 605 et
1013 540 1048 604 in
1075 540 1199 605 ultimis
1227 540 1294 605 illis
1317 541 1413 605 verbis

140 640 144 645 ’
254 646 426 711 subaudire
450 646 532 711 mihi
554 645 665 710 videor
687 645 966 713 trimetri‘comici
989 668 1150 713 numeros.
1196 647 1246 712 De
1270 647 1316 711 eis
1341 668 1413 731 quae

253 754 431 839 sequuntur
449 752 490 817 ad
507 752 569 817 164
584 749 631 837 (ΙΙ
645 750 703 840 24)
717 753 892 819 diiudicare
912 775 978 819 non
997 754 1110 839 ausim,
1129 777 1202 821 cum
1221 759 1311 821 certa
1329 755 1414 819 comi·
1441 803 1442 859 ¹

254 882 364 925 corum
386 860 529 945 insignia
547 860 669 925 frustra
692 876 830 945 quaeras
854 865 951 945 atquc
975 860 1130 945 adspersa
1149 861 1193 927 sit
1216 860 1362 926 doctrina
1382 884 1413 924 ex
1441 876 1442 885 ¹

251 967 426 1033 Polemone
441 963 536 1053 (159)
555 966 682 1032 Zenone
701 967 836 1051 Myndio
852 964 946 1055 (161)
962 969 1034 1033 aliis
1054 969 1207 1053 repetita:
1228 990 1413 1052 quamquam

252 1074 292 1139 ad
308 1076 369 1141 161
386 1074 506 1162 (1120)
523 1073 705 1141 Ἀιπὲνδιο(
719 1077 895 1155 κιθαριιτήε
914 1075 953 1140 cf.
972 1074 1131 1159 Anaxipp.
1146 1096 1227 1141 com.
1239 1074 1289 1139 IV
1302 1098 1333 1161 p.
1347 1076 1413 1159 460,

252 1184 294 1249 26
315 1179 468 1269 (Meineh.
486 1205 517 1266 p.
539 1178 630 1267 462),
654 1185 750 1266 atque
777 1182 839 1249 162
863 1180 945 1259 αἰγὶ(
965 1184 1037 1263 περὶ
1055 1183 1151 1248 πόλιν
1170 1187 1248 1249 nota
1266 1183 1343 1249 τοὺς
1361 1233 1368 1249 .
1385 1232 1412 1247 ..
1442 1231 1443 1287 ¹

251 1291 482 1369 πλανωμένου(
496 1291 741 1356 ἑπέικωπτον
756 1294 1045 1376 argumentumque
1060 1290 1163 1356 adres
1173 1290 1411 1358 Atheniensium
1442 1298 1443 1307 ’

251 1401 412 1484 spectans.
458 1396 580 1463 Contra
608 1399 647 1462 ad
676 1398 817 1463 comicos
845 1398 948 1463 'redire
977 1402 1064 1464 certo
1094 1398 1212 1464 scimus
1242 1398 1307 1463 165
1335 1398 1412 1480 αὐτῷ

123 1524 130 1536 ·
250 1510 352 1590 κανῷ,
380 1505 465 1590 quod
487 1504 634 1570 Platonis
663 1509 713 1569 est
740 1507 776 1571 ἐν
800 1506 820 1570 Γ
822 1505 898 1586 pupi
925 1505 966 1570 fr.
992 1505 1032 1571 15
1056 1530 1086 1591 p.
1110 1506 1175 1570 604
1199 1505 1238 1571 Κ.
1263 1502 1319 1592 (cf.
1342 1506 1366 1569 P
1386 1504 1412 1567 ΙΙ

253 1614 294 1677 31
320 1613 376 1677 ubi
399 1613 518 1678 citatur
540 1611 714 1700 Didymus)
738 1617 771 1677 et
796 1612 873 1695 166,
901 1613 957 1676 ubi
980 1612 1096 1677 Perdix
1120 1613 1154 1677 in
1178 1634 1328 1678 scaenam
1350 1633 1412 1694 pro·
1443 1665 1444 1727 ¹

251 1718 379 1784 ducitur
400 1721 701 1804 κωμῳδούμενος
724 1721 777 1785 ἐπὶ
797 1719 968 1798 χωλότητα
991 1719 1031 1784 cf.
1045 1719 1212 1803 Aristoph.
1232 1717 1314 1784 Avv.
1335 1719 1410 1783 1292
1443 1736 1444 1801 j

251 1850 322 1893 cum
351 1828 476 1911 scholi,
500 1827 645 1913 Anagyr.
668 1827 705 1891 fr.
729 1826 773 1892 53
799 1849 830 1910 p.
854 1825 920 1891 405
943 1824 996 1910 K,
1024 1826 1088 1892 vol.
1110 1825 1143 1889 II
1167 1849 1196 1910 p.
1221 1827 1287 1893 962
1312 1850 1356 1910 sq.
1377 1824 1411 1889 ΙΙ

249 1934 438 2000 Extremam
462 1935 697 2000 conlectionem
721 1934 794 1998 inde
818 1955 837 1997 a
858 1934 920 1999 168
947 1931 994 2017 (ΙΙ
1013 1931 1069 2018 26)
1083 1918 1263 2018 Ιςωιαίιιοιιι
1282 1933 1411 2000 formam

250 2065 315 2107 non
345 2063 490 2107 servasse
520 2041 673 2126 vidimus,
703 2041 863 2126 siquidem
894 2044 980 2107 certe
1012 2042 1073 2105 171
1106 2062 1174 2125 sqq.
1202 2038 1260 2128 (32
1292 2042 1335 2106 40
1362 2036 1411 2122 41)

251 2171 357 2214 errore
380 2149 442 2213 hoc
471 2149 542 2213 loco
571 2153 647 2214 sunt
675 2149 793 2214 iterati
839 2145 956 2213 Cetera
984 2148 1138 2234 pleraque
1166 2149 1274 2213 omnia
1304 2171 1342 2213 ex
1369 2168 1412 2211 co·

249 2256 386 2321 moediis
409 2256 539 2321 fluxisse
564 2257 728 2339 videntur,
756 2278 832 2321 nam
859 2258 921 2322 168
946 2253 994 2342 (ΙΙ
1018 2255 1076 2339 26)
1099 2254 1144 2319 ω(
1167 2258 1226 2335 τὴν
1250 2256 1287 2320 ἐν
1310 2256 1411 2333 Ἀργει
1444 2250 1445 2285 ³

249 2361 374 2450 (errore
397 2361 527 2443 ἄργειον
547 2363 582 2443 L,
607 2367 712 2427 metro
737 2365 904 2447 corrupto)
928 2362 1044 2428 deuito
1066 2362 1213 2429 καθελὼν
1237 2362 1412 2441 εεμνύνεται

250 2474 282 2536 et
312 2470 375 2536 174
403 2469 451 2555 (ΙΙ
479 2468 537 2558 30)
568 2471 598 2536 τί
625 2470 665 2536 οὐ
692 2473 807 2556 γενήεῃ
836 2471 894 2537 ἰὼν
924 2468 1092 2558 (γενηιίων
1120 2469 1169 2557 Μ)
1197 2469 1241 2536 εἰ(
1265 2468 1410 2552 Ἀρβέλα(

249 2576 344 2666 (corr.
366 2579 482 2662 γενήεῃ
511 2577 711 2657 τυγχάνων
742 2601 780 2642 ex
804 2578 917 2662 Apost.
941 2577 1019 2642 XVI
1050 2574 1105 2664 75)
1135 2578 1276 2643 trimetri
1309 2574 1411 2643 comici
1445 2591 1446 2636 ι

250 2689 326 2750 sunt
354 2689 451 2770 atque
475 2686 515 2749 ad
542 2685 603 2750 169
629 2683 676 2771 (Π
699 2683 771 2770 27),
798 2685 837 2749 de
867 2707 929 2770 quo
953 2685 1025 2749 vide
1048 2683 1226 2769 Didymum
1251 2683 1412 2750 Schmidtii

152 2811 155 2814 ’
248 2817 278 2877 p.
302 2794 382 2877 220,
405 2792 550 2857 conferre
574 2792 652 2857 licet
675 2791 735 2856 ΡΙ
754 2792 796 2856 26
826 2790 873 2875 (et
894 2790 971 2856 Hes.
996 2813 1021 2857 s.
1043 2814 1072 2857 v.
1097 2791 1231 2872 otperto
1261 2791 1326 2879 αἴξ)
1349 2811 1410 2856 cum

248 2899 374 2965 Cratini
396 2900 434 2965 fr.
458 2899 524 2964 244
546 2921 577 2983 p.
600 2899 642 2964 87
666 2897 705 2964 Κ.

336 3112 409 3194 55.
445 3120 563 3192 Operis
582 3120 766 3178 zenobiani
784 3121 876 3190 origo
900 3123 935 3176 et
957 3120 1106 3190 genuina
1126 3121 1246 3179 forma.
1285 3112 1410 3179 Servata

248 3223 324 3284 sunt
333 3220 436 3305 igitur
444 3220 524 3284 locis
536 3219 623 3284 haud
633 3220 745 3303 paucis
758 3220 898 3306 vestigia
909 3242 975 3285 non
990 3220 1105 3286 leviter
1116 3220 1274 3304 impressa
1285 3221 1341 3286 sed
1354 3220 1409 3282 fixa

248 3333 398 3412 certaque
412 3331 445 3392 et
459 3329 629 3392 contextus
645 3327 808 3391 cuiusdam
824 3327 1070 3410 proverbiorum
1080 3327 1257 3394 vicinorum
1269 3332 1303 3393 et
1313 3330 1409 3392 certae

247 3434 351 3498 totius
374 3434 481 3517 operis
505 3433 732 3518 descriptionis
755 3433 930 3516 prudenter
953 3433 1136 3518 institutae,
1159 3455 1263 3518 neque
1286 3433 1408 3498 dubium

251 3543 329 3625 quin
344 3542 371 3604 si
385 3562 503 3605 novam
514 3539 647 3605 Zenobii
663 3541 836 3605 editionem
851 3540 939 3604 nacti
955 3540 1073 3604 erimus
1088 3540 1186 3606 etiam
1201 3541 1410 3625 frequentiora

249 3671 288 3712 ex
311 3647 473 3732 indigesta
497 3648 601 3730 qualis
620 3670 705 3712 nunc
727 3648 853 3712 videtur
877 3646 980 3712 Athoi
1003 3648 1087 3712 mole
1111 3649 1178 3714 sint
1201 3670 1368 3714 emersura.

332 3753 445 3838 etque
469 3759 535 3819 tres
559 3755 682 3838 priores
706 3753 808 3818 Athoi
837 3754 1052 3818 conlectiones
1077 3754 1193 3820 librive
1222 3755 1316 3840 quasi
1342 3757 1408 3820 ima-

249 3863 359 3948 ginem
391 3883 461 3926 esse
494 3861 634 3925 vidimus
664 3860 765 3944 ampli
800 3859 967 3924 cuiusdam
1000 3860 1123 3945 operis,
1160 3884 1223 3945 quo
1253 3884 1319 3927 non
1349 3866 1407 3925 tem

247 3971 414 4035 rhetorum
438 3971 471 4033 et
493 3968 714 4052 sophistarum
737 3968 810 4032 usui
833 3969 1072 4052 prospiceretur
1094 3972 1132 4034 ut
1154 3970 1354 4034 conlectione
1374 3963 1406 4045 V,

248 4100 345 4166 quam
368 4097 495 4140 summa
518 4075 698 4140 eruditione
722 4080 756 4141 et
780 4075 818 4140 de
841 4075 967 4140 ratione
990 4076 1234 4160 proverbiorum
1258 4077 1405 4163 explican-

247 4185 360 4249 dorum
394 4183 612 4266 disputaretur
641 4187 675 4247 et
705 4182 907 4268 singulorum
938 4183 1133 4266 scriptorum
1164 4220 1208 4231 —
1236 4182 1272 4248 in
1303 4177 1404 4268 primis

248 4290 402 4355 Demonis
435 4290 623 4353 Aristotelis
655 4289 873 4374 Theophrasti
906 4286 1055 4355 Clearchi
1085 4286 1263 4374 Chrysippi
1293 4290 1404 4355 Aristo·

248 4397 365 4482 phanis
389 4433 430 4442 -—
455 4397 566 4478 copiae
590 4396 844 4478 compilarantur
866 4399 900 4460 et
922 4398 1174 4461 recenserentur.
