2925 5050
720 291 941 356 ..18-

247 443 648 532 (=B561)ve1V145
672 451 798 530 χθόνια·
810 450 941 531 λουτρά·
964 450 1005 514 τὰ
1027 454 1095 516 τοῖς
1118 455 1244 530 νεκροῖς
1268 445 1419 532 ἐπιφερό-

245 574 333 631 μενα.
357 552 532 634 Ἐκομίζετο
552 557 613 636 γὰρ
636 561 701 622 κτλ.
721 557 792 624 sim.
806 555 837 621 V
852 557 894 622 82
909 557 951 622 86
970 555 1018 622 VI
1037 558 1078 622 31
1099 558 1142 622 44
1161 557 1215 623 all.
1240 557 1289 624 At
1307 560 1418 624 contra

245 664 396 744 excerpta
419 683 457 726 ex
481 662 623 740 νομίμοις
650 668 851 744 βαρβαρικοῖς
874 661 899 726 P
918 662 1018 743 V25,
1042 685 1124 747 quae
1148 687 1186 728 ex
1209 665 1344 731 novicia
1367 663 1419 728 illa

245 771 363 851 quarta
386 769 585 834 coniectione
609 769 748 834 oriunda
771 770 838 834 sint
860 772 959 854 atque
983 771 1082 834 etiam
1104 772 1138 836 in
1161 771 1186 835 L
1208 773 1419 838 inveniantur

245 872 307 959 (IV
329 871 394 960 10),
418 875 471 938 vix
490 876 524 939 in
544 875 679 940 eundem
702 877 837 941 veniunt
859 899 1000 962 censum,
1022 898 1126 961 neque
1146 878 1367 944 dubitandum
1385 875 1419 939 de

245 978 414 1046 Menandri
437 981 495 1046 illo
519 982 706 1046 testimonio
729 981 765 1046 P.
783 981 831 1046 IV
850 983 893 1048 32
913 979 1125 1068 (Schneidew.
1143 985 1164 1047 l.
1183 1007 1208 1048 s
1226 1007 1264 1062 s.,
1289 983 1419 1070 Iungbl.

244 1110 276 1170 p.
299 1085 361 1172 13),
386 1088 470 1171 quod
494 1089 576 1154 falso
601 1086 864 1155 Schneidewinus
887 1088 1067 1155 Protectori
1089 1088 1272 1174 Byzantina
1295 1091 1419 1173 tribuit,

245 1215 316 1258 cum
341 1192 509 1259 Menandri
532 1193 668 1280 Ephesii
695 1195 740 1261 sit
762 1197 812 1260 vel
834 1195 1014 1260 Maeandrii
1036 1195 1275 1262 Alexandrinae
1302 1197 1419 1262 aetatis

244 1300 399 1366 historici.
408 1299 431 1388 ¹)
482 1300 590 1386 Atque
620 1307 655 1366 ut
688 1303 903 1388 interpolatos
931 1303 1020 1368 locos
1053 1303 1181 1370 naviter
1207 1304 1419 1390 investigavit

245 1405 548 1493 Schneidewinus²)‚
567 1409 613 1472 ita
628 1409 813 1474 decurtatos
833 1425 961 1494 quoque
980 1413 1013 1501 et
1030 1411 1179 1475 turbatos
1199 1411 1240 1474 ab
1259 1411 1418 1496 epitoma-

196 1561 198 1566 -
229 1515 382 1579 toribus:
411 1515 450 1580 cf.
478 1516 579 1600 praef.
606 1540 636 1600 p.
665 1515 791 1595 XXVI,
818 1517 875 1581 ubi
902 1517 965 1581 loci
995 1517 1191 1602 ineptissimi
1219 1517 1417 1603 congregati,

180 1680 182 1684 ,
245 1619 346 1686 ‘cuius
382 1623 523 1707 stuporis
551 1624 605 1688 vix
633 1623 729 1688 liceat
761 1625 878 1708 ipsum‘
897 1623 1071 1688 Zenobiam
1106 1646 1197 1689 reum
1228 1620 1418 1710 postulare'

244 1726 366 1794 Verum
384 1733 494 1794 tamen
509 1728 641 1795 Zenobii
661 1753 742 1815 opus
763 1729 854 1795 ‘satis
873 1729 1048 1815 integrum'
1067 1731 1254 1796 recensione
1267 1730 1418 1796 Parisina

245 1872 286 1882 —
319 1858 395 1900 nam
427 1837 489 1901 hoc
522 1837 654 1903 nomine
686 1836 811 1901 codices
845 1837 997 1922 volgatos
1030 1836 1148 1920 prioris
1185 1837 1297 1902 classis
1329 1859 1416 1901 com

243 1941 442 2026 prehendere
460 1943 551 2008 lubet
569 1979 613 1990 -
632 1944 672 2009 ad
690 1965 750 2008 nos
769 1943 955 2028 pervenisse
974 1943 1136 2028 censebat,
1159 1948 1256 2029 atque
1274 1943 1417 2029 plurima

131 2087 132 2091 =
243 2050 301 2113 illa
319 2051 499 2134 proverbia,
524 2073 606 2134 quae
625 2052 659 2114 in
682 2051 870 2116 recensione
889 2050 1068 2116 Bodleiano
1084 2087 1130 2097 -
1147 2050 1168 2117 i.
1186 2073 1212 2116 e.
1231 2056 1265 2115 in
1284 2051 1415 2116 alterius

245 2156 357 2220 classis
382 2156 544 2222 codicibus
568 2155 596 2219 B
616 2156 647 2222 V
665 2156 696 2221 A
723 2194 759 2202 -
786 2160 915 2222 servata
937 2179 1001 2222 non
1026 2144 1199 2222 exstabant
1224 2158 1259 2221 in
1285 2156 1364 2220 PH
1382 2156 1415 2238 F,

244 2266 280 2326 ut
308 2285 327 2327 a
355 2261 496 2338 Zenobio
530 2265 635 2329 aliena
665 2265 705 2328 ad
739 2287 838 2329 unum
871 2265 982 2330 omnia
1016 2265 1050 2330 in
1088 2259 1310 2350 ‘appendicem
1342 2285 1414 2348 pro·

245 2369 441 2434 verbiorum'
466 2369 696 2457 (paroemiogr.
711 2373 758 2438 ed.
774 2371 862 2437 Gott.
878 2371 939 2436 vol.
953 2371 970 2434 I
984 2395 1015 2456 p.
1029 2367 1220 2454 ara-467)
1243 2371 1416 2456 ablegavit

244 2473 308 2541 Suo
323 2477 391 2541 iure
401 2476 650 2544 Warnkrossius
660 2503 692 2564 p.
705 2479 746 2543 14
759 2478 835 2544 huic
849 2479 968 2543 rationi
978 2482 1028 2543 est
1043 2478 1215 2543 oblocutus
1226 2478 1265 2543 ad
1281 2475 1414 2542 Zenobii

243 2584 345 2648 Athoi
367 2586 538 2668 proverbia
561 2609 742 2672 provocans
766 2609 804 2650 ex
829 2566 1042 2670 qnibus'plus
1071 2608 1168 2669 quam
1196 2584 1415 2669 quadraginta

243 2690 279 2753 in
297 2692 367 2756 sola
385 2692 571 2758 recensione
585 2691 765 2757 Bodleiana
784 2695 915 2757 servata
928 2697 1013 2756 sunt.
1041 2681 1246 2775 Quamquam
1263 2697 1413 2757 naturam

244 2799 312 2863 eius
336 2804 369 2863 et
393 2800 623 2865 auctoritatem
646 2802 712 2865 iam
732 2799 965 2885 Gottingenses
989 2820 1183 2885 cognoscere
1206 2801 1358 2885 poterant
1377 2818 1412 2859 ex

243 2906 487 2991 proverbiorum
504 2907 624 2985 ordine,
643 2906 802 2971 sermonis
817 2908 932 2985 colore,
951 2905 1091 2970 fontium
1105 2909 1138 2969 et
1153 2904 1411 2969 testimoniorum

241 3014 481 3098 'communione3
510 3036 569 3078 nee
598 3036 680 3097 quae
711 3013 946 3077 sententiarum
974 3010 1104 3077 vinculo
1128 3012 1300 3077 coniuncta
1322 3011 1412 3075 erant

244 3120 334 3184 velut
354 3119 381 3184 B
401 3120 465 3185 855
490 3120 607 3198 ςαύτην
630 3120 785 3183 ἐπαινεῖς·
810 3119 888 3197 αὕτη
913 3117 994 3184 κατ’
1016 3119 1194 3196 ἔλλειψιν
1220 3116 1352 3195 εἴρηται·
1374 3116 1410 3176 τὸ

244 3228 278 3290 δὲ
304 3229 423 3306 πλῆρες
447 3230 510 3291 κτλ.
535 3222 591 3309 (ad
616 3223 690 3291 Zen.
712 3223 738 3287 P
758 3223 788 3289 V
810 3222 888 3310 100)
907 3228 940 3289 et
959 3225 1023 3301 856
1042 3225 1312 3304 ςυμβαλούμενος·
1342 3218 1411 3284 κατ’

316 3439 342 3505 1)
360 3436 421 3490 Hoc
439 3436 496 3490 iam
510 3436 667 3491 Meinelrius
686 3435 807 3492 coniecit
824 3436 852 3489 in
867 3436 1017 3492 choliamb.
1036 3435 1069 3489 fr.
1089 3436 1165 3505 (post
1179 3432 1311 3487 Babrium
1324 3431 1409 3486 Lach·
1446 3449 1447 3534 p

243 3524 348 3594 manni)
367 3543 393 3594 p.
416 3531 479 3591 1⁷7,
502 3525 553 3579 illa
573 3526 664 3581 Caroli
682 3525 812 3579 Muelleri
831 3527 875 3579 est
893 3525 1032 3580 sentent-ia
1049 3523 1143 3579 rHa
1157 3524 1195 3578 IV
1209 3541 1235 3591 p.
1254 3528 1307 3576 448
1325 3520 1409 3591 Wila-
1446 3537 1447 3594 l

243 3614 381 3676 mowitzio
406 3606 481 3682 a'pud
499 3613 629 3669 Warnlrr.
649 3633 675 3684 p.
696 3621 730 3670 10
748 3614 811 3669 adn.
832 3620 865 3667 21
890 3615 1017 3683 probata.
1055 3613 1097 3667 Ne
1115 3612 1281 3667 tenuissima
1300 3610 1408 3680 quidem
1446 3615 1447 3624 ¹

245 3702 370 3755 manebit
391 3699 545 3770 dubitatio,
564 3702 612 3755 ubi
631 3703 789 3758 accuratius
807 3702 839 3754 in
856 3701 957 3755 tertiae
976 3700 1157 3755 conlectiouis
1176 3700 1226 3770 (ΙΙΙ
1240 3706 1275 3755 87
1289 3701 1318 3754 Μ
1332 3704 1365 3753 56
1378 3696 1409 3765 L)

244 3790 381 3859 originem
399 3788 588 3861 inquisiveris‚
608 3792 642 3845 cf.
658 3808 718 3861 cap.
732 3790 759 3843 H
773 3796 788 3856 β
803 3797 828 3844 3.
879 3782 884 3789 ’
1067 3808 1070 3813 ·
1446 3767 1447 3802 l

315 3881 341 3947 2)
369 3878 434 3932 Alia
457 3878 589 3948 fugerunt
613 3878 733 3933 editores
757 3877 968 3947 Gottingenses‚
998 3878 1075 3933 velut
1092 3880 1279 3948 paraphrases
1300 3876 1407 3932 inutiles

242 3968 382 4022 interdum
411 3968 632 4022 enarrationibus
659 3967 769 4023 infixae.
812 3967 887 4032 Quas
914 3983 931 4019 a
957 3966 1083 4037 margine
1110 3967 1253 4037 irrepsisse
1282 3965 1407 4021 evincunt
1446 3961 1447 4024 l

243 4056 265 4109 P
279 4055 294 4108 Ι
302 4062 349 4110 93:
369 4056 418 4109 Ἂν
432 4058 449 4122 ἡ
464 4060 563 4123 λεοντῆ
580 4059 616 4122 μή
632 4056 752 4123 ἐξίκηται
768 4059 821 4123 τὴν
840 4058 987 4123 ἀλωπεκῆν
1001 4058 1157 4123 πρόςαψον·
1178 4058 1212 4110 ἂν
1227 4059 1263 4123 μὴ
1282 4058 1404 4123 φανερῶς

244 4147 313 4213 δύνῃ
339 4145 440 4209 βλάψαι
464 4142 620 4213 πανουργίᾳ
642 4147 738 4209 χρῆςαι
764 4145 801 4212 (a)
825 4143 875 4196 Ἂν
898 4146 936 4209 μὴ
960 4145 1031 4196 κατὰ
1054 4146 1151 4210 ῥώμην
1173 4146 1207 4198 τὸ
1230 4144 1404 4211 προκείμενον

243 4234 385 4287 ἐξανύοιτο
405 4238 513 4300 μηχανῇ
538 4235 583 4285 καί
601 4232 684 4301 τέχνῃ
704 4232 873 4299 περαινέςθαι
892 4233 925 4285 τὸ
948 4233 1111 4298 λειπόμενον
1139 4233 1179 4302 (5)
1206 4234 1289 4301 atque
1314 4231 1338 4284 V
1362 4235 1402 4284 10:
1446 4245 1447 4294 1

243 4322 289 4387 Μή
318 4322 381 4385 ςιῖγε
402 4366 405 4381 ι
417 4322 595 4385 μελαμπύγου
627 4322 732 4386 τύχοις·
766 4322 803 4389 μή
830 4338 907 4375 τινος
938 4322 1066 4388 ἀνδρείου
1099 4326 1144 4376 καί
1172 4322 1281 4389 Ιςχυροῦ
1317 4323 1403 4387 τύχοις
1446 4313 1447 4330 ³

224 4411 287 4477 ,(=
307 4408 425 4476 Hesych.
447 4426 467 4463 s.
487 4428 513 4463 v.
533 4412 569 4478 μή
588 4426 636 4464 τευ
657 4427 682 4475 μ.
701 4412 748 4479 τ.),
767 4412 815 4466 ubi
833 4411 862 4464 M
880 4410 907 4464 ΙΙ
925 4417 960 4466 85
978 4411 1195 4487 interpolatione
1214 4412 1299 4466 caret.
