2925 5050
743 294 961 358 ..46-

264 477 390 540 expono
413 456 447 518 in
470 456 531 519 hac
555 449 740 540 argumenti
764 454 926 539 gravitate
949 476 1016 517 non
1044 475 1157 516 vereor
1178 474 1219 516 ne
1243 457 1322 517 acta
1347 473 1440 537 agere

264 563 383 646 videar,
402 585 474 628 eum
493 561 684 646 praesertim
704 565 738 624 et
756 560 1002 646 proverbiorum
1021 559 1258 624 enarrationem
1278 562 1314 622 et
1334 580 1439 622 emen-

264 669 427 734 dationem
451 668 822 761 paroemiographorum
841 668 965 760 aliquid
987 667 1063 733 hinc
1086 668 1209 732 fructus
1226 669 1439 752 percepturas

264 798 334 841 esse
358 775 528 843 confidam.

357 957 426 1036 §2
463 963 546 1020 Loci
559 930 730 1019 decurtati
748 965 783 1017 et
798 962 922 1018 omissi.
959 952 1006 1017 Ac
1025 952 1167 1037 primum
1181 951 1313 1035 quidem
1329 950 1440 1035 magni

266 1066 316 1126 est
344 1062 515 1144 momenti,
543 1061 629 1146 quod
653 1060 787 1124 Zenobii
814 1060 986 1144 proverbia
1016 1059 1129 1123 eodem
1157 1058 1436 1122 miscellaneorum

266 1191 401 1254 corpore
424 1173 567 1253 recepta,
595 1170 636 1233 ab
666 1167 788 1233 eisdem
815 1171 971 1250 tractata,
999 1167 1040 1230 ab
1069 1167 1189 1231 eisdem
1219 1167 1305 1230 lecta
1331 1171 1368 1229 et
1391 1165 1437 1227 de·

265 1276 387 1360 scripta
411 1279 500 1358 sunt,
534 1279 631 1360 atque
660 1278 812 1358 excerpta
839 1273 1082 1358 Aristophanes
1110 1271 1308 1338 Suetoniana
1338 1272 1436 1336 Zeno

265 1382 371 1446 dorca.
403 1381 492 1446 Hace
512 1387 620 1446 autem
640 1406 658 1446 a
677 1385 800 1466 quanta
819 1381 1033 1466 amplitudine
1053 1381 1204 1465 adquam
1224 1380 1436 1465 exiguitatem

231 1473 236 1484 ’
265 1493 298 1552 et
325 1488 534 1553 librariorum
561 1489 697 1574 pigritia
727 1492 761 1552 et
788 1488 919 1552 licentia
953 1488 1173 1552 diasceuastae
1201 1471 1335 1551 redacta
1364 1485 1434 1568 sint,

238 1595 357 1668 ,facile
385 1595 569 1681 intelleges,
597 1595 653 1659 ubi
669 1593 830 1660 -Fresenii
861 1595 1114 1680 disputationem
1145 1618 1176 1678 p.
1205 1594 1248 1657 24
1275 1616 1347 1678 sqq.
1372 1615 1436 1678 per-

264 1703 383 1787 legeris
411 1704 461 1766 vel
491 1724 529 1766 ex
558 1701 716 1766 Zenodori
749 1703 821 1780 περὶ
853 1702 1017 1781 εανηθεία(
1050 1701 1159 1765 decem
1191 1699 1284 1763 libris
1318 1721 1435 1784 paucas

265 1810 412 1894 pagellas
441 1801 647 1894 (lov-412)
676 1810 823 1875 servatas
853 1831 923 1873 esse
954 1807 1208 1873 consideraveris
1237 1807 1289 1891 (cf.
1313 1806 1435 1871 Nauck.

265 1917 285 1980 l.
310 1939 334 1981 s.
359 1938 383 1980 s.
407 1939 437 1999 p.
457 1916 521 1980 386
547 1913 617 2000 sq.).
658 1915 774 2000 laque
796 1917 896 1981 amali
917 1936 990 1980 casa
1013 1918 1106 1980 eliam
1123 1915 1288 1997 proverbia
1310 1916 1435 1996 adflicta

263 2043 325 2086 esse
343 2023 522 2106 probabile,
542 2023 634 2086 salva
653 2027 686 2086 ct
704 2022 835 2107 integra
854 2044 923 2086 esse
942 2045 1075 2107 prorsus
1094 2021 1282 2086 incredibile
1300 2022 1434 2086 videtur.

264 2130 394 2207 Verum,
418 2134 456 2192 ut
479 2133 528 2193 est
551 2129 585 2192 in
608 2129 790 2214 proverbio,
813 2130 892 2193 αὐτὸ
916 2131 1023 2196 δείξειε
1046 2152 1120 2194 nam
1144 2129 1326 2214 permultos
1350 2129 1433 2190 locos

265 2235 450 2299 decurtatos
475 2257 544 2298 esse
574 2236 712 2299 omissos
736 2236 887 2299 turbatos
911 2235 984 2319 ipsa
1008 2235 1126 2299 codicis
1155 2235 1343 2299 condicione
1367 2255 1445 2317 pos-¹

266 2364 378 2406 sumus
402 2341 632 2407 demonstrare.
678 2341 823 2418 Quorum
847 2341 909 2408 duo
939 2346 1015 2406 sunt
1038 2363 1171 2427 genera,
1200 2363 1282 2426 quae
1304 2341 1433 2404 ubicun-

266 2471 327 2535 que
347 2448 513 2512 commode
533 2447 603 2512 fieri
622 2449 745 2534 poterit
759 2471 906 2514 seorsum
921 2447 1149 2514 tractabimus:
1168 2449 1307 2512 alterum
1327 2469 1432 2512 eorum

266 2556 321 2641 qui
345 2579 418 2621 cum
442 2558 475 2620 ia
498 2557 571 2621 solis
593 2557 745 2621 codicibus
763 2557 842 2621 ML
859 2557 1068 2621 inveniantur
1087 2558 1295 2621 diasceuastae
1312 2556 1431 2638 Byzan-

266 2664 330 2727 lc'ao
358 2700 399 2707 -
427 2663 567 2727 fortasse
595 2663 877 2728 miscellaneorum
904 2664 1036 2728 illorum
1066 2664 1191 2727 auctori
1220 2700 1261 2708 -
1290 2662 1431 2726 videntur

266 2769 443 2853 tribuendi3
476 2770 614 2833 alterum
644 2791 753 2833 eorum
786 2771 842 2854 qui
869 2771 1019 2835 codicibus
1041 2771 1086 2834 M
1094 2770 1123 2833 L
1150 2774 1179 2833 ct
1207 2770 1336 2851 volgatis
1362 2790 1431 2832 cora

265 2898 373 2941 manes
400 2876 466 2939 iam
489 2875 524 2938 in
547 2874 754 2939 vetustisimo
783 2876 953 2940 ambarum
984 2876 1137 2940 classium
1160 2876 1321 2959 archetypo
1345 2875 1431 2938 exsti-

226 2968 234 2979 ·
265 2984 368 3047 terint
391 3003 520 3046 necesse
544 2986 602 3046 est.

354 3088 404 3153 Ex
428 3110 548 3174 magna
572 3090 794 3174 exemplorum
824 3090 918 3174 copia
940 3092 1079 3175 paucula
1102 3092 1257 3156 exscribo.
1304 3093 1429 3156 Prover-

265 3198 355 3263 bium
379 3197 518 3276 Λήμνιον
542 3198 640 3262 κακὸν
663 3197 828 3281 explicant

480 3338 615 3403 urie
1043 3339 1237 3429 river

266 3462 372 3529 εἴρηται
404 3464 421 3529 ἡ
454 3460 586 3528 παροιμία
618 3462 672 3514 ἀπὸ
704 3466 763 3515 τῶν
795 3462 854 3546 ἐν..
880 3461 1021 3529 παροιμία,
1031 3464 1067 3529 ἣν
1077 3460 1240 3529 διαδοθῆναί
1251 3478 1333 3529 φααν
1343 3461 1429 3527 Auro

267 3552 369 3618 Λήμνῳ
396 3555 547 3614 γυναικῶν,
574 3550 602 3602 αἳ
629 3553 695 3603 τοὺ(
723 3551 826 3617 ἄνδρα(
879 3556 938 3604 τῶν
947 3553 1204 3618 παρανομηθέντων
1214 3550 1252 3606 εἰ(
1261 3554 1328 3606 τοὺ(
1337 3553 1429 3616 ἄνδρα(

268 3641 362 3692 αὐτῶν
377 3641 438 3703 (ser.
452 3638 556 3705 αὐτῶν)
568 3639 731 3692 ἀπέκτειναν
745 3641 824 3703 ἐγκα-
880 3640 910 3692 ἐν
924 3640 1028 3707 Λήμνῳ
1043 3641 1097 3693 ὑπὸ
1111 3646 1170 3694 τῶν
1184 3646 1331 3705 γυναικῶν.
1355 3639 1385 3706 Β)
1395 3640 1426 3689 Ἠ

267 3729 360 3779 lobeni
393 3726 435 3778 ὅτι
468 3727 563 3780 sorau
595 3728 646 3780 οὐκ
678 3726 825 3793 ἐμίγνυντο
880 3728 924 3780 διὰ
947 3729 981 3781 τὸ
1004 3729 1055 3782 τὰ(
1077 3728 1241 3796 ἁρπαγείιαι
1263 3730 1318 3780 ὑπὸ
1335 3728 1427 3779 Πελαι-

267 3816 420 3881 φεύγοντες
433 3816 486 3881 τὴν
500 3819 551 3882 τῆ(
569 3816 653 3882 brut(
667 3814 777 3883 ἀηδίαν,
791 3817 826 3881 ἣν
879 3820 939 3879 γῶν
965 3817 995 3867 ἐκ
1019 3820 1069 3882 τῆ(
1100 3818 1224 3882 Ἀττική(
1248 3823 1375 3881 γυναῖκα(
1396 3813 1427 3866 εἰ(

266 3903 432 3969 προεέβαλεν
455 3904 586 3971 αὐταῑεὴ
607 3904 758 3972 Ἀφροδίτη
779 3922 827 3993 μη.-
881 3906 993 3971 Λῆμνον
1014 3906 1182 3972 ἀπαχθῆναι·
1203 3905 1235 3959 dc
1254 3905 1426 3959 daorerodccr

267 4064 437 4131 Eacerptea‚
462 4064 508 4116 die
527 4062 639 4117 obvvohl
659 4063 748 4117 selbst
765 4080 819 4117 coa
837 4044 1048 4132 Epitomatarea
1065 4066 1142 4119 starlc
1159 4066 1285 4120 certarat
1303 4066 1370 4119 doch
1387 4063 1423 4116 fur

267 4153 313 4207 die
332 4152 421 4207 altere
440 4150 582 4205 Literatur
601 4152 646 4205 ein
664 4152 745 4206 nieht
762 4170 797 4207 uu
815 4154 1069 4207 verschmahendcs
1089 4154 1258 4223 Contingent
1275 4172 1330 4210 von
1346 4168 1423 4208 neuen

266 4240 385 4295 Notizen
409 4240 518 4307 bieten3
546 4258 572 4309 p.
593 4246 642 4293 371
664 4242 710 4310 (ad
729 4243 746 4296 δ
766 4243 921 4310 Καμπάθιοι
938 4244 989 4297 τὸν
1008 4246 1102 4310 λαγών
1114 4245 1150 4320 ,Μ
1172 4244 1234 4298 180
1253 4263 1279 4313 p.
1298 4248 1358 4311 358)
1376 4243 1421 4295 ‘dia

273 4330 365 4383 Wortc
382 4330 429 4383 des
447 4330 575 4383 Dichters
592 4330 656 4384 eiad
678 4330 740 4384 hier
758 4331 811 4385 vvis
829 4330 859 4384 in
883 4332 935 4385 den
960 4332 1080 4387 meisten
1098 4333 1209 4400 Pallen,
1234 4332 1307 4387 ohne
1325 4329 1421 4385 Zveifcl

249 4420 354 4473 'daret
373 4418 477 4473 Schald
494 4420 542 4473 dcv
561 4417 784 4489 Epitomatorea,
803 4438 856 4476 ναι
873 4422 1080 4477 cacabatas!
