2925 5050
687 234 928 299 -136-

238 442 243 451 ·
311 396 546 481 Erplioationis
561 396 783 461 Demonianae
797 397 850 460 vix
867 396 1014 460 umbram
1031 396 1162 480 reliquit
1177 394 1395 477 diasceuasta3

223 528 295 570 cum
328 504 470 568 auctoris
502 504 633 568 nominc
665 507 794 569 tanturn
828 525 893 567 non
926 504 1085 587 integram
1120 502 1263 566 servavit
1297 501 1395 569 schol.

223 611 279 696 (=
295 610 440 696 Didym.)
455 597 622 695 Aristoph.
641 610 722 676 Avv.
741 611 820 676 301:
840 662 846 675 .
867 659 874 675 .
894 660 900 673 .
919 610 1073 690 παροιμία
1091 611 1126 675 δέ
1149 611 1235 674 έετιν
1258 609 1314 673 ἐπὶ
1333 614 1397 673 τῶν

224 719 325 799 μάτην
348 717 611 796 ἐπιεωρευόντων
634 718 705 783 τινὰ
727 719 780 782 ἐπὶ
809 722 877 786 τοῖε
900 717 1174 797 προυπάρχουτιν,
1203 701 1283 781 οἷον
1300 716 1332 781 εἴ
1353 739 1396 781 τι(

225 828 260 891 ἐν
279 826 429 909 Αἰγύπτῳ
453 826 709 909 εῖτονιέπαγάγῃ
732 828 752 905 ἢ
777 827 813 891 ἐν
837 826 955 909 Κιλικίᾳ
978 824 1120 905 κρόκον.
1141 874 1147 887 .
1168 826 1342 905 ,Δήμων
1364 826 1396 889 δέ

225 955 320 1015 φηειν
344 931 392 997 ότι
416 932 456 996 οὐ
482 938 541 996 τοῦ
568 935 653 1016 Ζῲου
677 932 778 1012 μόνον
802 933 1023 1012 πληθύνοντοε
1051 933 1087 996 έν
1115 938 1152 1016 τῇ
1184 931 1292 1016 πόλει,
1318 930 1397 995 ἀλλά

226 1043 277 1105 καῖ
290 1039 349 1131 ότι
372 1044 430 1104 τοῦ
454 1040 655 1119 νομίεματοε·
679 1042 729 1105 καὶ
754 1038 803 1104 ὅτι
826 1040 884 1105 οὐκ
907 1040 942 1105 ἐν
966 1038 1095 1123 ἀργύρῳ
1119 1038 1217 1121 μόνῳ,
1242 1037 1397 1102 ἀλλὰκαὶ

226 1151 263 1213 ἑν
287 1151 395 1231 χαλκῷ
424 1145 609 1225 χαράεεουει
632 1149 691 1226 τὴν
719 1151 851 1224 γλαῦκα.
898 1148 948 1211 διὸ
975 1148 1034 1226 τὴν
1062 1145 1235 1225 παροιμίαν
1259 1146 1398 1224 εἰρῆεθαι

226 1257 244 1293 '¹‘
264 1253 283 1294 *
302 1256 319 1292 *
338 1252 415 1338 (hoc
438 1254 509 1317 loco
533 1252 610 1316 olim
631 1253 693 1317 fuit
712 1252 910 1341 explicatio).
953 1252 1053 1318 Addit
1072 1252 1268 1317 scholiastae
1287 1255 1398 1316 auctor

227 1361 413 1445 (Didymus,
428 1383 522 1443 quem
537 1359 714 1424 Demonem
730 1361 921 1445 redarguere
939 1362 1041 1424 solere
1059 1359 1197 1425 vidimus
1212 1383 1243 1443 p.
1258 1360 1303 1424 43
1321 1357 1399 1443 sqq.)

229 1472 350 1548 μήποτε
374 1469 409 1532 δὲ
433 1468 485 1532 ἐπὶ
507 1472 566 1532 τοῦ
589 1470 675 1552 ζῴου
699 1467 783 1533 εἰκόε
806 1468 869 1533 έετι
894 1472 1044 1548 λεχθῆναι
1070 1466 1178 1547 μόνου.
1187 1464 1211 1551 1)

318 1573 353 1638 Μ
376 1572 475 1649 1113
507 1576 552 1639 Τό
579 1575 752 1654 Ἱππάρχου
779 1575 913 1653 τειχίον·
945 1574 973 1637 Β
1003 1574 1066 1639 511
1101 1572 1187 1638 VII
1213 1574 1272 1638 17:
1308 1572 1399 1637 οὗτοι

230 1686 303 1761 περὶ
325 1685 384 1762 τήν
408 1681 598 1761 Ἀκαδημίαν
617 1686 889 1762 περιβαλλόμενοε
909 1681 1125 1766 (Leutschius,
1148 1680 1216 1744 cod.
1235 1684 1398 1759 παραβαλ-

229 1787 392 1875 λομένοιε)
412 1788 560 1871 <τεῖχοε>
578 1794 647 1854 τοῖτ
666 1788 843 1869 Ἀθηναῖοι(
866 1791 959 1853 τέλοε
979 1790 1141 1868 ἐπέθηκεν,
1165 1788 1216 1852 καῖ
1241 1788 1295 1850 ἐπὶ
1321 1786 1399 1849 πολὺ

228 1902 287 1978 τὴν
311 1897 497 1975 οἰκοδομίαν
525 1896 624 1960 αὐτοῦ
647 1900 813 1975 παρεῖλκε,
843 1896 1037 1976 βουλόμενα(
1067 1896 1173 1960 πολλὰ
1196 1896 1343 1971 ἐκλέγειν
1365 1892 1400 1954 τά

229 2007 313 2083 τέλη.
360 2003 437 2068 ὅθεν
465 2004 518 2067 ἐπὶ
540 2008 606 2068 τῶν
629 2004 736 2069 πολλὰ
765 2003 960 2082 ἀναλώματα
986 2006 1184 2083 δεχομένων,
1212 2001 1341 2066 ἀτελῶν
1368 2000 1399 2062 δὲ

230 2111 395 2191 μενόντων
419 2109 540 2191 είρηται
562 2112 581 2191 ἢ
606 2111 767 2190 παροιμία.
868 2102 869 2106 “

321 2218 369 2284 Of.
393 2218 488 2303 Greg.
512 2217 610 2302 prr.
634 2217 661 2281 P
683 2216 733 2281 ΙΠ
758 2219 798 2283 81
825 2221 858 2281 et
881 2217 966 2282 Suid.
992 2241 1015 2281 s.
1039 2240 1068 2283 v.
1092 2216 1163 2303 (qui
1193 2217 1326 2282 brevius
1354 2216 1400 2279 ἐπὶ

232 2328 429 2404 δαπανηρῶν
452 2324 648 2403 πραγμάτων
670 2323 837 2409 explicat).

323 2431 357 2494 M
379 2430 412 2494 H
438 2432 479 2495 14
504 2431 572 2508 Οὐχ
595 2429 644 2495 ὅτι
669 2430 801 2496 Κόνωνα
820 2432 985 2511 Τιρίβαζοε
1008 2433 1159 2512 ἥρπαεεν.
1193 2430 1399 2496 Proverbium

233 2541 304 2604 solo
319 2539 429 2603 Athoo
449 2542 500 2602 cst
518 2537 688 2624 traditum3
708 2541 945 2605 enarrationem
964 2541 1047 2604 unde
1071 2540 1252 2604 reficiamus
1271 2562 1338 2604 non
1356 2538 1399 2600 in-

234 2647 350 2711 venies.
397 2644 444 2710 De
471 2668 505 2710 re
533 2645 572 2711 cf.
595 2644 691 2710 Corn.
714 2645 797 2730 Nep.
821 2645 940 2713 Conon.
968 2669 1036 2731 cap.
1060 2648 1091 2713 V
1116 2678 1157 2700 =
1181 2647 1268 2712 Dino
1299 2647 1339 2710 fr.
1361 2644 1397 2708 27

233 2752 551 2836 affinpnn
877 2736 988 2744 ''

321 2857 357 2924 M
379 2859 411 2923 ΙΙ
438 2859 477 2924 15
506 2861 665 2940 Φρουρεῑν
691 2865 712 2942 ἢ
741 2865 908 2928 πλουτεῖν·
941 2861 1119 2927 PV132:
1153 2862 1206 2926 ἐπὶ
1233 2865 1300 2926 τῶν
1328 2857 1398 2922 ἀνα-

235 2965 407 3031 λιτκόντων
431 2967 467 3031 έκ
488 2970 554 3031 τῶν
578 2965 758 3046 ἀλλοτρίων
776 2971 795 3049 ἡ
816 2969 967 3049 παροιμία
991 2968 1119 3050 είρηται.
1160 2967 1322 3046 Ἀθηναῖοι
1345 2965 1398 3041 γάρ

235 3078 393 3153 φρουραῑε
422 3073 629 3154 διαλαβόντεε
659 3078 734 3140 τοὺε
764 3077 917 3155 νηειώταε
946 3079 1071 3155 μιεθοὺε
1104 3076 1219 3141 ἔταξαν
1248 3074 1399 3153 μεγάλου(

213 3180 303 3245 Ιτοῑε
327 3180 542 3260 φυλάττουειν
565 3179 619 3244 ὑπ’
642 3182 749 3247 αὐτῶν
773 3189 974 3263 χορηγεῖεθαι
997 3187 1063 3248 τῶν
1087 3186 1258 3263 νητιωτῶν.

325 3286 412 3352 Suid.
426 3311 451 3352 s.
466 3311 494 3351 v.
509 3285 682 3371 (exciditne
696 3290 793 3356 Phot.
806 3289 839 3354 ΙΙ
852 3315 884 3375 p.
899 3291 962 3355 268
978 3289 1009 3354 N
1011 3288 1055 3376 ἀ)
1075 3291 1127 3354 ἐπὶ
1145 3293 1210 3354 τῶν
1229 3287 1399 3367 κερδαίνειν
1430 3349 1433 3356 ,

236 3397 429 3476 ἐφιεμένων·
454 3392 501 3482 (ί)
525 3394 690 3475 Ἀθηναῖοι
719 3398 781 3477 γάρ
805 3448 812 3463 .
836 3448 843 3462 .
867 3447 873 3460 .
896 3402 964 3463 τῶν
992 3402 1155 3478 νηειωτῶν
1182 3400 1220 3460 ut
1247 3396 1281 3459 in
1309 3394 1399 3457 Zeno-

237 3503 306 3586 bio;
335 3502 450 3566 deinde
473 3502 605 3567 rectius:
635 3503 679 3568 δι’
702 3504 849 3571 ἀτέλειαν
878 3505 936 3571 οὖν
965 3506 1016 3569 καὶ
1043 3507 1081 3569 τό
1110 3503 1341 3581 ἀταλαιπώρωε
1367 3499 1400 3560 έκ

236 3615 314 3675 τῶν
338 3609 554 3688 ἀλλοτρίων
572 3616 630 3691 ζῆν
650 3612 798 3690 εἰρῆεθαι,
823 3612 867 3674 ὼε
887 3613 963 3676 δέον
978 3614 996 3692 ἢ
1012 3615 1165 3676 πλουτεῖν
1184 3609 1287 3688 τινάἢ
1307 3627 1398 3688 φρου-

239 3723 323 3797 ρεῖν;
343 3717 460 3800 quibus
475 3717 651 3781 decurtatis
668 3723 700 3781 et
714 3718 922 3802 transpositis
939 3717 1079 3790 Parisini
1094 3717 1265 3801 explicatio
1281 3715 1398 3782 videtur

238 3828 310 3889 orta
333 3845 413 3888 esse.

327 3929 395 3995 *Μ
412 3929 445 3994 ΙΙ
461 3931 502 3996 16
521 3929 562 3996 Ἠ
578 3930 701 3997 Φανίου
716 3931 810 4010 θύρα·
829 3931 848 3996 δ
863 3931 994 4011 Φάνιοε,
1008 3931 1053 3995 ὥε
1067 3952 1172 4010 φαειν,
1187 3932 1317 4008 ἐγένετο
1331 3929 1394 4006 ἀβο-

240 4037 405 4117 λοετάτηε,
426 4035 533 4102 ἀλλωε
555 4039 590 4103 δὲ
614 4038 747 4118 τυφλόε.
780 4038 1016 4116 ὑπανοίγοντοε
1035 4041 1071 4102 δὲ
1092 4043 1150 4104 τοῦ
1172 4038 1285 4102 παιδὸε
1309 4034 1396 4100 αὐτοῦ

322 4287 348 4354 1)
368 4283 524 4355 Exscripsit
538 4283 637 4339 suidas
651 4303 672 4340 s.
688 4303 713 4341 v.
729 4285 754 4340 εί
765 4303 808 4340 τι(
825 4286 856 4339 ὲν
869 4284 1000 4354 Αἰγύπτῳ
1019 4291 1093 4339 εῖτον
1112 4286 1175 4350 ἀγοι
1189 4309 1223 4330 =
1238 4285 1298 4338 cod.
1313 4282 1395 4336 (1160.

240 4375 402 4429 Notandum
421 4376 528 4442 μήποτε
545 4391 563 4427 a
582 4372 700 4443 Didymo
719 4374 884 4444 saepissime
903 4373 1073 4428 adhibitum:
1094 4374 1127 4428 cf.
1147 4373 1219 4428 infra
1238 4393 1263 4443 p.
1288 4379 1342 4426 153.
