2925 5050
520 278 739 341 ..33-

55 438 196 522 aequalis,
222 439 308 501 certe
325 458 446 501 nomen
464 460 558 502 suum
576 459 635 502 nos
659 459 725 502 non
748 437 894 502 celasset.
940 433 1114 500 Praeterea
1137 435 1219 499 talia

55 567 141 628 opera
160 544 339 628 compilare
358 545 489 609 omnino
508 567 572 608 non
593 548 642 608 est
665 544 754 608 illius
778 543 935 627 temporis
959 565 1064 626 neque
1087 543 1219 606 illorum

55 653 227 733 hominum,
257 650 313 733 qui
339 649 429 734 ipsos
461 651 586 716 codices
615 651 766 735 antiquos
796 650 885 715 felici
917 659 1015 714 marin
1046 649 1220 734 indagatos

57 759 202 842 operariis
222 757 426 822 committere
446 758 606 823 solebant.
652 757 722 834 Quo
742 759 815 841 plus
834 780 933 841 quam
952 758 1221 822 semaleffectum

57 869 105 948 est,
126 871 165 930 ut
186 865 264 929 libri
287 887 385 929 manu
409 865 522 949 scripti
544 864 688 948 perirent
708 901 750 910 -
769 864 860 928 velut
877 863 1013 948 pretiosi
1036 863 1087 926 illi
1110 885 1127 926 e
1151 862 1221 947 qui-

57 972 107 1035 bus
134 971 293 1055 Stephani
319 971 474 1056 Byzantii
508 970 643 1055 Aldina,
679 970 813 1036 Zenobii
840 969 973 1035 Iuntina
1004 971 1146 1054 pendent
1169 1006 1223 1053 -,

58 1079 245 1162 exemplaria
268 1079 357 1164 typis
381 1079 625 1164 expressasola
643 1082 861 1142 servarentur.
906 1076 1067 1143 Universa
1086 1077 1222 1160 denique

59 1186 187 1250 Aldinae
211 1186 326 1268 forma,
349 1187 539 1270 compendia
562 1187 654 1252 varia
677 1189 709 1249 et
737 1185 921 1268 frequentia
929 1184 968 1268 ¹),
995 1185 1076 1248 vitia
1105 1183 1222 1268 quibus

58 1297 151 1356 scatet
178 1293 291 1375 inepta
318 1296 351 1355 et
384 1296 499 1376 aperta
530 1293 627 1358 fidem
655 1292 793 1376 faciunt,
826 1315 898 1356 eam
933 1291 1052 1356 codicis
1086 1291 1221 1356 alicuius

59 1399 224 1483 imaginem
252 1399 440 1492 fidelissime
468 1404 720 1483 repraesentare.
770 1399 888 1464 Locum
915 1399 969 1462 ubi
996 1399 1131 1463 consulto
1159 1419 1225 1461 ma-

61 1511 130 1570 iosse
150 1507 304 1570 rideretur
325 1507 422 1570 editor
444 1507 548 1570 iaceat
569 1507 701 1572 callam.

138 1611 284 1676 Primum
307 1612 409 1696 igitur
437 1635 646 1697 quaecunque
670 1611 781 1677 Graux
805 1635 822 1676 e
847 1611 1042 1677 Scorialensi
1066 1611 1226 1696 excerpsit

62 1719 226 1803 diligenter
249 1741 322 1783 eum
341 1716 480 1783 Aldinae
504 1719 684 1802 proverbiis
709 1719 840 1784 contuli.
887 1718 999 1783 Omuio
1021 1720 1147 1783 omuino
1169 1719 1226 1782 eis-

61 1827 120 1889 dem
140 1827 206 1906 fere
226 1825 312 1890 vitiis
335 1828 558 1908 inquinatoris
581 1849 617 1891 eo
634 1829 763 1909 repperi.
809 1825 896 1890 Nam
920 1848 1001 1910 quos
1025 1848 1082 1909 per
1105 1827 1226 1890 littera-

62 1955 125 1996 rum
161 1932 308 1997 ordinem
345 1932 468 1996 frustra
503 1955 638 2016 quaeres
671 1935 761 1999 locos
796 1933 932 1998 Grauxii
955 1932 998 1997 55
1030 1933 1237 2012 γυμνότερος.

62 2039 175 2118 ὑπέρου
204 2043 236 2102 et
259 2040 301 2105 58
331 2041 465 2119 ἕβδομοι
497 2037 617 2124 docel),
651 2041 680 2104 ei
708 2041 742 2104 in
771 2040 906 2121 Aldina,
935 2044 971 2103 ut
998 2041 1033 2103 in
1054 2038 1140 2122 ML,
1167 2038 1227 2103 sub

63 2145 217 2209 lemmatis
246 2147 394 2231 cognatis
427 2147 647 2226 ἀκαρπότεροε
679 2147 842 2226 ἀγρίππου
871 2151 904 2211 et
932 2147 1101 2212 ἀκάνθινο(
1129 2148 1229 2210 τέττιξ

64 2253 117 2316 eol.
144 2254 180 2316 11
211 2253 253 2316 ad
281 2254 415 2318 verbum
444 2257 660 2339 congruentes
689 2254 855 2338 leguntur3
888 2253 1097 2339 proverbium
1121 2255 1230 2316 autem

65 2357 111 2421 ἀεὶ
139 2360 177 2422 τὰ
204 2361 314 2437 πέρυτι
344 2361 458 2439 βελτίω
489 2359 546 2443 (16
570 2357 702 2445 Graux.)
730 2360 765 2423 in
794 2359 915 2423 Aldina
942 2360 1049 2423 minus
1079 2362 1229 2424 accurate

64 2465 215 2530 insertum
239 2469 289 2530 est
308 2467 489 2550 proverbiis
510 2468 551 2533 ab
571 2468 637 2533 αἰεὶ
662 2466 892 2550 incipientibus
912 2467 971 2532 col.
995 2467 1043 2532 13.
1080 2466 1231 2532 Ceterum

65 2574 129 2656 ipse
152 2574 249 2655 cpdex
273 2571 486 2661 Soorialensis
510 2576 609 2643 etiam
638 2574 750 2638 ordine
778 2575 1023 2658 proverbiorum
1047 2577 1080 2637 et
1102 2573 1233 2636 lemma-

66 2682 130 2741 tum
158 2680 263 2743 forma
291 2682 332 2744 ab
363 2680 481 2745 Aldina
508 2681 562 2745 vix
595 2681 709 2745 differt.
756 2679 843 2744 Nam
875 2681 953 2764 quin
981 2680 1234 2765 diligentissima

67 2785 121 2850 illa
150 2789 374 2870 excerptorum
403 2785 654 2852 Seorialensium
683 2788 868 2870 dispositi0,
897 2810 961 2871 qua
989 2790 1114 2869 septem
1136 2785 1234 2847 inter-

69 2893 139 2955 dum
165 2894 215 2958 vel
244 2895 317 2957 octo
346 2893 476 2959 litterae
505 2895 733 2978 respiciuntur,
761 2893 904 2958 Grauxio
933 2894 1102 2975 debeatur,
1124 2890 1234 2954 nullus

69 2998 211 3081 equidem
238 2999 360 3066 dubito.
369 2998 395 3085 ³)

139 3210 311 3279 1)Eaedem
322 3212 436 3265 voculae
461 3213 526 3281 (γὰρ
546 3213 576 3266 δέ
596 3213 640 3265 ἐπὶ
659 3214 728 3278 μετὰ
746 3213 807 3279 all)
831 3216 861 3267 et
884 3211 1145 3265 terminationesr
1120 3214 1228 3280 (εέ,
1194 3230 1236 3280 ον,

71 3303 121 3369 ὦ,
141 3302 185 3370 υῖῦ
203 3300 254 3366 ῶς)
275 3316 405 3367 expressa
422 3300 601 3355 inveniuntur
620 3300 729 3355 ratione
749 3300 870 3355 maxime
885 3301 1004 3366 diversa,
1022 3300 1134 3354 etiamsi
1153 3302 1238 3370 spatii

73 3392 211 3460 angustiae
234 3406 291 3444 non
314 3387 455 3456 flagitant3
484 3388 552 3442 item
577 3390 772 3456 ο1ἄνθρωποε
794 3388 899 3458 ubique
925 3389 1044 3458 legimus
1063 3391 1092 3443 at
1110 3390 1239 3444 sollemni

74 3480 231 3548 compendio
250 3481 317 3534 dvo‘}
335 3477 386 3531 col.
407 3483 448 3531 34.
487 3476 559 3543 Quid
582 3478 656 3546 quod
680 3478 732 3531 col.
752 3485 768 3532 8
792 3494 843 3547 pro
866 3479 999 3532 lemmata
1024 3480 1098 3532 ἄειδε
1121 3482 1157 3532 τὰ
1175 3482 1239 3534 Τέλ-

74 3588 153 3651 ληνοι
168 3585 260 3655 priore
279 3584 341 3638 loco
360 3583 480 3652 legimus
499 3583 624 3667 delo(
616 3602 634 3636 1
655 3600 677 3637 e
694 3586 724 3637 δὲ
740 3584 811 3653 siglo
825 3584 1004 3653 pervolgari),
1023 3584 1176 3654 posteriore
1196 3588 1238 3639 ἀεὶ

76 3692 208 3759 δὲτὰΤ.
228 3690 281 3745 οοΙ.
300 3694 334 3743 89
354 3690 424 3743 adeo
444 3691 521 3744 εὗδε
538 3692 633 3759 τὰΤ.,
652 3692 682 3743 et
699 3689 804 3743 similia
822 3688 991 3758 saepissime.

145 3783 169 3847 2)
185 3735 256 3833 llam
273 3777 386 3832 aliunde
400 3777 481 3831 fluxit
496 3778 571 3845 quod
586 3777 717 3847 legitur'
709 3796 739 3831 ιιι
753 3776 857 3830 Aldina
876 3778 926 3831 sub
945 3778 1070 3833 1111111οὲ
1088 3780 1240 3850 incipiente

77 3871 189 3933 ἕβδομον
217 3858 271 3922 οὖν’
293 3872 370 3935 βοῦν·
403 3869 446 3922 ἐπὶ
470 3872 529 3921 τῶν
557 3869 732 3935 ἀναιεθὴτυιν
755 3868 816 3921 τὸν
840 3869 985 3933 ἕβδομον
1010 3872 1089 3934 βοῦν
1112 3873 1130 3937 ἡ
1155 3873 1240 3938 copi.

29 4028 30 4033 ἵ
77 3957 241 4023 παροιμία.
279 3956 333 4022 Qui
351 3956 429 4010 locus
454 3958 564 4011 omniuo
583 3972 640 4010 που
663 3957 803 4009 iuvenitur
826 3956 858 4008 ia
875 3958 1130 4027 paroemiopropbie
1153 3960 1243 4013 adbuc

79 4046 163 4111 editis,
179 4046 226 4099 sed
245 4044 344 4099 similis
363 4047 455 4099 exstat
469 4045 593 4115 Apostcl
609 4044 689 4098 XVIl
703 4046 778 4098 ach.
795 4047 921 4111 (Arsen.)
928 4046 991 4099 ’Τὸν
1010 4048 1157 4113 ἕβδομονβ
1143 4052 1241 4116 βουνή

81 4137 148 4200 (οφή
165 4133 305 4203 caperata:
326 4150 381 4202 quo
401 4134 435 4187 de
454 4134 509 4187 vid
527 4134 601 4187 infra
619 4151 646 4202 p
666 4138 700 4187 38
716 4150 756 4200 sq.

51 4281 55 4291 ¹
149 4222 252 4291 3')Se
243 4240 337 4291 1psnm
356 4221 450 4292 prodit
468 4221 561 4276 Graux
585 4227 617 4276 62
644 4224 662 4289 ἢ
687 4224 727 4275 δεῖ
719 4227 848 4289 ιφαγεῖν
866 4224 989 4289 χελώνη(
1007 4224 1074 4290 κρέα
1097 4225 1172 4291 quod
1192 4226 1244 4279 sub

82 4320 100 4374 η
119 4310 280 4380 conlocavit
305 4327 369 4366 cum
391 4310 420 4364 in
440 4310 458 4365 S
477 4310 653 4380 proverbio'
645 4328 675 4364 m
693 4310 714 4364 L
735 4310 911 4364 antecedenti
933 4311 1048 4364 Λούεαιε
1070 4313 1120 4365 τὸν
1142 4313 1245 4380 πηλίαν

84 4398 228 4452 adhaerens
239 4399 289 4452 sub
299 4404 316 4454 A
325 4398 504 4453 inveniretur.
524 4399 630 4453 Eadem
640 4399 749 4453 ratione
759 4417 825 4453 usus
834 4398 945 4453 videtur
954 4416 1032 4467 prov.
1041 4405 1074 4454 13
1084 4406 1171 4468 p.234
1181 4402 1244 4454 adn.

142 4504 244 4557 drusius,
262 4506 380 4547 Analecta.
1016 4494 1032 4539 3
