2925 5050
511 314 753 379 -145-

45 493 63 533 a
86 470 237 538 Demone
261 474 445 563 fabulatore
469 472 523 560 (cf.
541 474 575 539 Π
597 476 636 540 16
660 476 680 556 ἡ
704 476 827 541 Φανίου
851 475 931 553 θύρα
955 477 987 539 et
1010 473 1109 539 1126
1135 477 1219 554 Κρω-

46 580 143 656 βύλου
168 580 308 668 ζεῦγος).

131 686 205 752 Iam
237 689 313 755 hinc
341 690 514 775 paullatim
544 695 713 756 rarescunt
736 690 956 774 Demonicna,
983 710 1086 773 neque
1110 694 1221 754 tamen

46 794 179 858 omnino
204 795 366 863 deficiunt.

133 900 195 966 *11
218 903 260 968 56
284 904 324 970 Ἢ
348 909 398 970 δεῖ
421 906 565 984 χελώνη(
588 908 666 985 κρέα
690 911 810 986 φαγεῖν
828 909 892 969 κτλ.
917 902 973 991 (cf.
991 903 1087 969 Phot.
1106 902 1219 989 Suid.):

46 1010 198 1092 exposuit
215 1010 254 1075 de
272 1010 334 1076 hoc
352 1012 525 1097 proverbio
544 1011 649 1077 Demo
671 1012 710 1076 fr.
735 1014 775 1077 16
798 1012 842 1077 Μ.
861 1037 892 1097 p.
911 1013 955 1076 24
974 1009 1069 1096 Sieb,
1093 1012 1150 1076 sed
1169 1013 1220 1075 de-

47 1112 230 1181 siderantur
257 1116 475 1203 Demoniana,
501 1138 605 1203 neque
634 1142 779 1203 unquam
808 1141 846 1183 ea
874 1118 1039 1183 exstitisse
1068 1118 1220 1183 credibile

47 1226 96 1284 est
118 1222 183 1289 hoc
206 1225 293 1309 loco,
316 1225 406 1290 cuius
430 1227 528 1312 longe
552 1226 618 1291 alia
640 1231 692 1291 est
714 1230 847 1310 natura,
870 1226 909 1290 cf.
932 1250 963 1311 p.
990 1225 1061 1290 154.

136 1331 178 1394 67
214 1330 316 1396 Βάλλ’
348 1334 393 1397 είε
427 1333 610 1412 Μακαρίανε
648 1339 878 1419 argumentum
914 1355 934 1396 a
970 1332 1067 1396 rebus
1101 1330 1220 1397 Atticis

51 1437 237 1522 repetitum,
265 1438 442 1504 artificiosa
468 1440 705 1526 interpretandi
733 1440 832 1523 ratio,
861 1438 922 1504 lati
950 1439 1108 1503 sermonis
1131 1440 1221 1504 color

51 1540 188 1608 Demoni
211 1545 379 1611 vindicant
402 1549 640 1637 enarrationem
665 1547 813 1611 nltimam
821 1545 860 1633 ¹),
884 1548 923 1611 cf.
947 1548 976 1611 6.
1001 1547 1052 1611 23.

138 1652 179 1716 69
204 1654 367 1718 Φιλίππου
386 1653 583 1734 ἀλεκτρυώνῑ
602 1658 682 1719 nota
697 1654 742 1718 ὥ(
762 1675 858 1734 φαειν
877 1654 1067 1737 formulam,
1088 1653 1144 1717 sed
1157 1653 1221 1718 for-

52 1758 136 1836 tasse
162 1763 235 1824 tota
262 1761 425 1826 enarratio
449 1763 564 1827 comici
591 1767 707 1848 poetae
735 1763 825 1826 locus
855 1762 994 1844 solutus,
1021 1760 1060 1826 cf.
1084 1760 1220 1825 Meinelr.

53 1885 129 1928 com.
153 1865 209 1934 Cr.
232 1868 270 1932 fr.
293 1868 343 1931 111
365 1893 396 1954 p.
421 1870 500 1954 565,
524 1869 677 1935 Ribbeck.
700 1868 851 1934 ‘Alazon'
875 1893 905 1954 p.
929 1869 981 1933 31.

139 1974 176 2035 71
199 1975 375 2040 Φιλοξένου
400 1976 500 2052 λόγον
524 1973 578 2062 (ex
596 1974 639 2059 B,
657 1974 691 2038 M
715 1972 830 2061 λόγου)
854 1976 1018 2053 τέτευχενε
1041 1974 1221 2038 narratiun-

55 2076 123 2141 cula
144 2080 254 2143 nescio
278 2081 354 2164 quid
377 2082 478 2146 habet
501 2081 705 2166 Demoniani,
728 2081 785 2146 sed
810 2081 906 2145 certis
929 2080 1055 2144 indiciis
1080 2086 1176 2146 caret.

139 2187 180 2249 72
191 2187 236 2251 Τὸ
248 2184 474 2267 Ἐπιμενίδειον
489 2192 602 2268 δέρμαε
617 2189 736 2253 iterum
750 2188 894 2253 notanda
908 2187 952 2251 ὥ(
966 2208 1062 2268 φαειν
1072 2188 1221 2255 formula.

143 2293 185 2356 74
207 2294 308 2372 Ὑπὲρ
331 2295 372 2358 τὰ
394 2296 584 2375 ἑεκαμμέναε
608 2300 688 2360 nota
711 2296 755 2361 εἰ(
778 2296 950 2375 παροιμίαν
974 2297 1134 2378 περιέετη,
1159 2317 1222 2379 qua

58 2394 93 2457 de
115 2398 276 2464 locutione
299 2400 339 2465 cf.
363 2423 445 2485 qnae
470 2402 677 2488 exposuimus
701 2402 743 2466 ad
764 2400 798 2465 ΙΙ
821 2403 864 2467 34
886 2425 916 2486 p.
944 2402 1006 2464 144
1030 2402 1102 2466 adn.
1122 2402 1150 2465 2.
1184 2488 1186 2493 Ι

141 2504 185 2570 85
209 2509 418 2594 Μελαμπύγῳ
442 2512 624 2591 (υνέτυχεει
652 2508 799 2575 narratio
822 2494 925 2594 neque
949 2508 983 2572 in
1006 2508 1040 2572 M
1061 2531 1165 2593 neque
1188 2508 1222 2572 in

57 2607 79 2669 P
101 2611 229 2699 integra
252 2612 433 2679 Demonem
456 2616 556 2701 sapit,
580 2616 619 2681 cf.
643 2617 688 2681 ὥ(
711 2638 808 2698 φααν
831 2616 866 2679 in
889 2612 1016 2700 exitu.²)

140 2720 180 2784 87
206 2721 311 2786 Κλαίει
335 2721 354 2785 ὁ
377 2725 503 2803 νικήεαε
526 2727 604 2788 nrt:
628 2746 680 2788 res
705 2723 849 2809 Philippi
872 2722 911 2788 cf.
935 2722 987 2785 44.
1012 2722 1096 2808 603)

138 2824 345 2893 Confidenter
367 2828 507 2894 Demoni
529 2830 702 2896 tribuerim
725 2852 807 2916 quae
831 2829 1008 2914 insequunt
1048 2879 1054 2893 .

139 2933 178 2998 91
203 2933 343 3016 Ὀβολόν
367 2936 438 3016 εὗρε
461 2937 642 3017 Παρνοίτηε
665 2939 686 3004 i.
710 2962 736 3003 e.
757 2935 975 3021 Callistratus,
1000 2936 1038 3000 de
1062 2958 1125 3019 quo
1149 2935 1222 2999 vide

60 3042 165 3104 nostra
187 3064 218 3125 p.
245 3043 308 3106 140
337 3043 377 3108 ad
400 3045 444 3108 20
468 3043 571 3108 Θάεο(
599 3044 730 3121 ἀγαθῶν
759 3048 791 3109 et
813 3043 967 3108 Meinekii
994 3065 1074 3108 com.
1103 3042 1157 3109 Gr.
1183 3043 1222 3106 fr.

58 3140 101 3206 IV
122 3169 150 3229 p.
171 3147 239 3212 400
262 3149 430 3228 ilcpvorric
454 3150 642 3215 conicientis
666 3151 745 3215 duce
768 3147 972 3235 Hesychiofl)

139 3254 181 3318 04
194 3253 267 3320 Ἐπὶ
281 3255 392 3340 Πυθίῳ
407 3259 552 3336 κρεῖττον
565 3257 606 3336 ἦν
623 3255 826 3337 ἀποπατῆεαι
842 3254 895 3343 (cf.
913 3253 1001 3320 Fest.
1015 3280 1045 3341 p.
1064 3255 1126 3320 115
1140 3256 1183 3320 M.
1198 3279 1223 3320 s,

60 3359 188 3451 oletum)
206 3386 280 3428 cum
293 3364 418 3428 fabella
432 3387 451 3429 a
465 3361 747 3429 Pisistratidarum
760 3363 897 3449 imperio
911 3363 1061 3448 repetita,
1075 3366 1112 3426 nt
1126 3364 1156 3427 4.
1175 3365 1224 3429 13.

125 3559 149 3625 1)
174 3559 218 3611 Ad
246 3558 371 3613 Atthidis
399 3559 563 3628 scriptorem
591 3559 704 3613 rettulit
729 3557 787 3613 iam
811 3556 1042 3612 Wilarriowitzius
1071 3557 1105 3611 de
1129 3558 1223 3627 Eurip.

61 3638 157 3701 Heracl.
176 3664 203 3715 p.
223 3645 276 3711 ΙΧ;
299 3648 347 3702 sed
366 3645 443 3713 Istri,
471 3648 505 3701 de
525 3663 580 3715 quo
597 3646 647 3700 ille
666 3646 787 3716 cogitat,
812 3646 906 3700 nullae
926 3649 991 3700 sunt
1008 3648 1102 3716 partes
1122 3647 1150 3700 in
1170 3649 1223 3701 hac

61 3733 233 3790 conlectione.

123 3825 149 3892 2)
169 3821 252 3879 Certe
271 3842 328 3880 non
342 3827 444 3880 hausta
463 3826 505 3879 est
524 3841 539 3878 e
558 3825 657 3893 Dione,
676 3826 754 3894 quod
771 3824 935 3880 Leutschius
955 3825 1075 3880 coniecit
1093 3826 1148 3878 vol.
1162 3825 1182 3878 I.
1197 3843 1224 3894 p.

62 3913 105 3963 120
118 3915 185 3982 not,
200 3930 267 3966 nam
279 3901 434 3983 Cercopum
450 3913 533 3968 matri
546 3913 624 3967 aliud
638 3930 701 3967 eum
715 3931 818 3968 nomen
831 3913 962 3969 tribuisse
977 3916 1062 3983 atque
1074 3913 1225 3968 Zenobium

62 3995 110 4053 loci
127 4002 230 4057 docent
249 4003 365 4071 abipso
384 4002 534 4058 Leutschio
553 4002 693 4071 exscripti.
785 4057 788 4062 .

121 4095 147 4159 3)
162 4091 195 4145 Iu
209 4092 288 4146 nullo
298 4092 361 4146 loco
376 4090 445 4146 artie
456 4091 647 4147 Demonianae
662 4091 749 4160 signis
765 4093 863 4147 notato
874 4093 1030 4148 recentiora
1039 4092 1225 4162 respiciuntur

61 4176 185 4247 tempora.
225 4179 307 4246 Quod
326 4181 431 4251 optime
451 4182 581 4235 convenit
600 4198 662 4234 cnm
682 4183 776 4235 aetate
795 4182 935 4237 Demonis.

124 4274 151 4338 4)
171 4271 342 4340 cognomen,
361 4271 395 4324 de
414 4270 493 4324 cuius
514 4287 596 4323 sensu
615 4269 736 4338 ambigit
753 4269 922 4340 Meinekius,
942 4287 960 4324 a
976 4272 1089 4338 πάρνοψ
1109 4271 1224 4324 ductum

63 4352 255 4425 inpudentiam
270 4359 427 4430 significare
441 4359 567 4413 videtur:
587 4359 620 4412 ut
638 4356 665 4410 ll
682 4364 713 4410 10
729 4359 827 4428 (supra
840 4377 867 4430 p.
880 4363 941 4429 135)
956 4360 1126 4426 κυβερνήτῃ(
1140 4360 1171 4413 ὃ(
1181 4401 1187 4413 .
1198 4395 1224 4414 ..

65 4452 170 4512 (ννεχῶε
188 4448 333 4515 ἠνώχλει
351 4455 393 4518 τῷ
413 4449 493 4518 δήμῳ
512 4447 629 4513 vocatur
648 4446 769 4514 Πάρνοε.

110 4552 220 4606 Onustus,
238 4554 357 4598 Analecta.
979 4543 1012 4594 10
