2925 5050
746 280 966 343 ..74-

272 445 325 506 tur
346 442 595 508 restituendum:
625 441 749 521 ι’γαῖρε
778 441 895 522 φίλον
918 438 1014 521 φῶε’
1039 438 1104 524 (cst
1125 438 1258 504 Pindari
1279 438 1321 503 fr.
1345 439 1385 502 34
1404 461 1427 520 ρ.

271 549 336 614 295
359 547 456 634 ng.,
485 549 524 614 cf.
547 549 694 633 Euripid.
716 548 823 634 Iphig.
847 545 1047 634 Aur-1509)
1076 550 1175 627 γραῦ(
1202 545 1271 610 εἷπε
1305 548 1427 611 θέλουω

269 653 512 722 ἀκολαεταίνειν
535 659 650 735 γυμνὴ,
678 656 732 720 ἵνα
763 659 803 735 μὴ
831 657 890 735 τὴν
913 654 1049 733 ῥάκωειν
1072 659 1130 718 τοῦ
1155 652 1300 732 εώματο(
1328 653 1427 735 ἐλέγξῃ

270 763 328 828 τὸν
357 763 477 842 λύχνον
507 761 711 843 ἀποιβέκαεα.
758 760 909 825 Alterum
941 762 1033 840 κακὴ
1061 759 1255 839 πρόδοειε·
1289 762 1345 826 ἐπὶ
1374 766 1427 825 τῶν

270 871 442 948 ἐρωμένων
471 871 597 946 λέγεται
627 873 693 934 τῶν
717 869 796 948 μετὰ
818 871 877 948 τὴν
901 868 981 946 μίξιν
1008 868 1067 932 τὸν
1090 867 1296 946 (ογκείμενον
1321 871 1362 947 μὴ
1383 865 1428 952 (οὐ

270 975 291 1041 S
316 975 388 1042 Ald.
414 976 491 1060 101)
515 979 731 1056 κομιζομένων
755 976 864 1055 μκθόν
882 973 939 1059 (=
959 973 1063 1039 Ps-D.
1083 975 1112 1039 V
1133 971 1190 1060 74)
1208 974 1349 1058 Hauptii
1371 975 1428 1038 dili-

269 1083 416 1167 gentiam
433 1083 533 1169 fugit3
553 1107 663 1150 verum
683 1085 716 1148 in
737 1088 850 1167 aperto
870 1087 928 1162 eet,
952 1105 1062 1147 vocem
1082 1079 1264 1166 πρόδοιιεῙ)
1286 1083 1428 1166 primitus

263 1192 470 1272 proditionem
493 1192 675 1276 significare
704 1195 801 1275 atque
830 1190 1051 1257 additamento
1073 1190 1131 1254 illo
1155 1190 1376 1254 antecedentis
1398 1191 1429 1252 si-

270 1298 408 1362 millimo
437 1300 629 1364 sententiam
658 1299 802 1383 accipere
829 1299 928 1380 longe
957 1297 1131 1379 diversam,
1159 1296 1196 1360 de
1220 1317 1285 1380 qna
1309 1299 1428 1360 consule

270 1403 466 1469 Meinekium
491 1428 569 1471 corn.
595 1405 648 1470 Gr.
673 1405 704 1469 ll
727 1431 758 1491 p.
782 1405 848 1469 415
868 1407 900 1466 et
919 1401 1038 1467 Graux.
1056 1426 1086 1486 p.
1107 1403 1180 1466 233.
1226 1401 1344 1488 Neque
1366 1403 1428 1466 huie

268 1510 490 1577 additamento
514 1512 548 1578 in
571 1513 936 1597 paroemiographorum
961 1533 1021 1574 usu
1041 1509 1192 1594 loquendi
1212 1531 1308 1574 snum
1331 1511 1429 1590 epilopi

268 1640 387 1682 nomen
416 1619 538 1686 deerat:
567 1621 600 1684 id
624 1619 709 1704 quod
738 1619 972 1684 demonstravit
993 1616 1158 1701 Hauptius
1181 1618 1202 1682 l.
1225 1639 1250 1681 s.
1275 1639 1301 1682 s.
1326 1618 1428 1681 duetus

266 1726 337 1789 loco
360 1725 566 1811 Hesychieno
595 1726 850 1809 eBernherdyo
878 1726 964 1790 male
992 1724 1159 1789 intellecto
1187 1746 1212 1790 s.
1236 1723 1318 1788 αὐτὸ
1347 1725 1428 1788 δείξει

267 1833 323 1913 (=
341 1831 437 1919 Greg.
454 1832 548 1918 (lypr.
567 1834 655 1899 Leid.
674 1833 707 1896 ΙΙ
726 1830 785 1917 92)
811 1832 963 1912 παροιμία
989 1832 1050 1898 ἔξω
1076 1835 1134 1895 τοῦ
1162 1830 1321 1907 ἐπιλόγου
1348 1835 1428 1907 λεγο-

266 1942 352 2018 μένη,
372 1941 408 2020 ἦ(
427 1943 616 2021 μνημονεύει
635 1943 686 2006 καὶ
705 1940 859 2016 Πλάτων;
883 1940 923 2005 cf.
946 1939 1045 2005 etiam
1069 1938 1181 2003 scholl.
1201 1938 1285 2002 Plat.
1306 1937 1429 2002 Theaet.

265 2069 294 2128 p.
314 2048 379 2110 366
398 2046 482 2114 Bkk.
505 2052 537 2112 et
555 2049 680 2113 doctius
700 2046 779 2111 illud
799 2047 885 2131 quod
902 2047 989 2131 fugit
1006 2046 1185 2131 Hauptium
1204 2045 1303 2128 Hipp.
1325 2069 1356 2128 p.
1374 2045 1429 2108 393

267 2152 348 2217 Bkk.
367 2154 432 2218 325
452 2154 501 2238 H.,
525 2155 580 2219 ubi
599 2154 743 2219 notanda
761 2159 827 2219 τῶν
846 2155 906 2233 γάρ
926 2157 1105 2233 παροιμιῶν
1124 2153 1157 2217 αἱ
1175 2154 1232 2231 μὲν
1252 2151 1324 2218 καθ’
1343 2154 1430 2216 αὐτὰ(

267 2261 425 2340 λέγονται,
449 2262 482 2324 αἱ
504 2263 539 2324 δὲ
563 2261 616 2325 έπὶ
640 2260 748 2336 λόγων
771 2259 846 2345 (scr.
869 2257 1054 2346 ἐπιλόγῳ)
1079 2260 1316 2340 εαφηνίζονται
1358 2259 1429 2324 οιιιιι

268 2365 329 2429 toli
353 2366 574 2449 disputatione
597 2387 662 2431 non
681 2366 794 2431 dubito
818 2367 895 2452 quin
918 2366 1012 2450 plura
1030 2367 1099 2430 eius
1118 2366 1247 2450 generis
1266 2366 1431 2450 proverbia

264 2472 328 2538 hoe
347 2474 418 2539 loeo
438 2472 623 2558 exciderint,
642 2494 724 2558 quae
743 2474 847 2539 multo
868 2496 964 2559 quem
982 2471 1147 2558 Hauptius
1162 2474 1316 2558 opinatur
1329 2497 1360 2559 p.
1374 2474 1429 2538 395

267 2581 487 2665 frequentiora
509 2582 716 2647 inveniuntur
741 2582 825 2666 apud
850 2582 1015 2666 antiquos,
1039 2582 1094 2645 sed
1117 2581 1225 2647 forme
1246 2584 1430 2666 plerumque

264 2688 361 2753 nimis
381 2693 542 2773 corrupte,
565 2712 637 2754 oum
656 2711 716 2773 pro
742 2689 958 2773 explicatione
984 2689 1150 2773 epilogum
1168 2689 1290 2753 habere
1310 2690 1429 2754 soleant

265 2795 391 2860 librarii
415 2790 466 2861 vel
482 2795 773 2884 paroemiographi
795 2796 998 2861 recentiores.
1040 2795 1155 2879 Itaque
1178 2796 1240 2860 huc
1258 2800 1372 2879 potest
1388 2818 1429 2859 re·

263 2904 342 2967 ferri
356 2903 451 2988 Diog.
466 2903 513 2968 VI
529 2905 568 2968 71
590 2902 646 2983 ‘pir
662 2910 724 2983 πῦρ
740 2904 792 2968 ἐπὶ
807 2902 886 2982 πῶμ’
903 2901 960 2990 (=
975 2904 1073 2969 κακὸν
1092 2904 1145 2967 ἐπὶ
1164 2908 1263 2986 κακῶῑ
1283 2903 1310 2965 Ρ
1330 2903 1362 2967 V
1380 2904 1429 2966 θέλε

263 3011 301 3076 ef.
321 3010 444 3090 nonde,
469 3010 532 3095 ‘gn
552 3009 656 3075 Rom?
676 3033 706 3094 p.
724 3011 785 3074 161
807 3009 895 3096 adn.)
911 3008 1085 3089 ἀνθρακεὺ(
1108 3009 1264 3093 <έλεγεν>
1278 3009 1428 3088 ἐμπιπρά-

264 3139 360 3196 μενοε
384 3118 421 3183 ἐν
443 3125 481 3203 τῇ
505 3118 626 3202 καμίνῳ
650 3117 761 3201 [τοῦτο
780 3117 879 3200 λέγει]
904 3121 937 3180 et
960 3117 1045 3201 quod
1068 3119 1254 3201 corruptum
1279 3113 1430 3181 exstatC

263 3225 329 3289 240
353 3220 440 3310 (epp.
463 3224 513 3289 HI
537 3225 587 3310 2),
614 3224 774 3309 integrius
802 3225 836 3289 in
859 3224 1044 3308 Phrynicho
1069 3222 1207 3287 Bekkeri
1229 3224 1352 3288 Anecd.
1375 3223 1428 3286 10

263 3328 319 3416 (cf.
341 3331 461 3398 Macer.
484 3331 517 3395 Il
543 3330 598 3415 10)
616 3331 753 3409 ἀγαθῶν
773 3330 935 3408 ἀγαθίδει·
958 3336 1057 3413 γραῦ(
1076 3330 1228 3407 ἀγαθίδαι
1247 3329 1429 3410 ἀποδομένη
1450 3316 1451 3343 ί

265 3436 379 3519 κρόκη(
403 3440 535 3519 ἐπρίατο
567 3438 670 3520 οἶνον,
701 3429 830 3505 κᾶπειθ’
860 3439 1100 3503 ὑποπίνουεα
1128 3437 1263 3513 ἔλεγεν
1287 3434 1430 3514 (ἀγαθῶν

265 3543 439 3625 ἀγαθίδεθ,
463 3544 534 3611 οἷον
553 3544 684 3622 ἀγαθῶν
703 3550 825 3625 πλῆθος
844 3544 895 3608 καὶ
914 3544 1015 3623 ιωρόε
1034 3548 1112 3619 κτλ.;
1137 3544 1188 3608 eui
1206 3544 1291 3628 quod
1311 3544 1430 3609 aceedit
1450 3598 1451 3665 ¹

266 3651 301 3714 in
324 3648 349 3715 0
372 3652 392 3731 ἡ
417 3658 516 3731 γραῦ(
538 3654 576 3718 τὸ
600 3652 739 3731 ἄροτρον
760 3654 780 3731 †
802 3650 1007 3716 ἐκπίνουιά
1030 3670 1122 3731 φηςι·
1151 3649 1229 3715 ‘oio
1250 3651 1346 3715 κακὰ
1368 3654 1428 3729 τὴν
1450 3668 1451 3739 )

263 3762 333 3835 γῆν
356 3754 603 3837 ἀνα(τρέφει’
628 3758 776 3842 quemvis
799 3758 939 3822 lacerum
962 3760 995 3820 et
1017 3754 1296 3841 subobscurum,²)
1324 3763 1427 3821 temen

263 3861 469 3927 hauddubie
494 3863 636 3928 eiusdem
665 3867 715 3929 est
743 3864 885 3947 generis,
914 3886 990 3927 narn
1017 3863 1117 3927 verba
1146 3862 1198 3927 οἷα
1221 3864 1302 3928 κακὰ
1325 3868 1390 3929 κτλ.
1411 3859 1451 3926 el

336 4041 361 4108 1)
388 4039 531 4106 npocococ
561 4038 648 4094 hebet
679 4039 842 4108 Apostolius
870 4037 909 4092 IX
935 4044 985 4095 47:
1019 4056 1091 4108 quae
1118 4038 1281 4093 coniectura
1307 4039 1369 4093 eius
1392 4038 1427 4092 ri-
1450 4006 1451 4123 ί

262 4130 357 4197 detur,
384 4146 450 4183 nam
478 4129 571 4185 locum
594 4129 743 4199 negatione
768 4129 871 4184 omissa
894 4128 941 4184 vix
964 4128 1217 4199 intellegendum'
1208 4146 1238 4183 m
1255 4126 1451 4199 Diogeniano
1450 4150 1451 4215 γ

261 4234 311 4273 sno
329 4218 356 4271 le
379 4217 407 4271 ’.t

332 4234 509 4375 mglrccum'
501 4305 543 4361 na.
561 4306 618 4361 fere
637 4307 772 4377 refingere
790 4306 893 4377 poesie:
918 4310 935 4374 ἡ
954 4313 1041 4375 γραθε
1058 4310 1092 4362 τὸ
1111 4310 1232 4376 ἄροτρον
1250 4273 1451 4419 (ἀποδομένη)

262 4398 307 4449 καὶ
325 4396 376 4449 τὸν
394 4395 490 4468 ῶνον)
509 4393 655 4449 ἐκπίνουια
673 4399 730 4449 κτλ
