2925 5050
733 313 950 410 ψμ

258 471 429 554 explicatio
453 493 549 535 sensu
572 493 673 536 cassa.
714 472 861 556 Ineptam
887 473 1013 536 librarii
1037 473 1254 537 coniecturam
1279 474 1374 538 habes
1390 498 1412 557 p.

256 578 322 642 380
345 577 425 642 ἅλα(
453 577 611 663 ἀπῄτουν,
640 578 714 643 οὐδ’
738 579 921 659 ἀπηροῡντο
951 579 1086 660 (κόψας
1115 581 1169 644 ἐπὶ
1192 585 1258 646 τῶν
1283 580 1412 660 ἄλευρα

256 687 314 762 μὲν
345 685 603 778 ἀπαιτουμένων,
636 687 730 751 ἅλα(
763 689 798 750 δὲ
827 691 867 766 μή
896 687 982 765 ἔχειν
1013 688 1177 764 λεγόντων
1197 711 1203 751 ;
1223 689 1279 753 ubi
1309 689 1413 753 vitiosa

256 791 336 855 ἅλα(
360 792 519 877 scriptura
543 795 681 879 delusus,
704 817 763 878 pro
784 816 848 878 qua
867 793 947 873 ἀμαε
966 794 1201 859 restituendum
1220 817 1290 860 esse
1306 817 1413 878 sensus,

254 898 435 964 litterarum
459 901 550 984 ordo,
579 922 689 966 versus
713 900 839 964 numeri
867 901 1025 984 clamant,
1056 905 1177 966 temere
1206 903 1261 966 ille
1289 902 1413 968 detorsit

253 1006 499 1089 explicationem
515 1007 540 1071 P
559 1008 632 1073 183
650 1007 807 1071 traditam
826 1008 879 1071 ἐπὶ
901 1011 968 1072 τῶν
986 1006 1069 1072 ἀλλα
1089 1009 1146 1087 μὲν
1170 1009 1412 1089 ἀπαιτουμένων,

255 1111 338 1177 ἀλλα
357 1116 391 1178 δὲ
415 1117 455 1194 μὴ
475 1115 561 1194 ἔχειν
580 1112 831 1199 ἀρνουμένων.1)
868 1114 981 1199 Neque
999 1115 1116 1179 desunt
1136 1117 1335 1200 glossemata
1351 1138 1412 1181 vere

255 1221 406 1304 puerilia,
435 1221 473 1285 cf.
497 1243 526 1304 p.
550 1223 614 1286 378
638 1221 746 1286 ἁλιεὺε
775 1221 907 1299 πληγεὶς
937 1225 1017 1285 νοῦν
1040 1221 1118 1286 οἷεει
1141 1275 1147 1287 .
1172 1273 1180 1285 .
1203 1271 1211 1288 .
1233 1225 1364 1302 πληγεὶε
1383 1225 1411 1285 δὲ

254 1327 318 1392 ὑπὸ
351 1329 502 1407 εκορπίοο
533 1328 670 1410 [ἰχθύος]
699 1331 779 1404 κτλ.;
813 1351 842 1412 p.
873 1328 936 1391 377
966 1327 1082 1404 Αἰγιεῑε
1114 1328 1189 1393 οὔτε
1222 1330 1321 1408 τρίτοι
1348 1330 1411 1394 οὔτε

250 1436 409 1514 τέταρτοι,
442 1433 498 1498 ubi
530 1433 627 1517 plena
659 1434 867 1518 paraphrasis
896 1436 1058 1499 τουτέετιν
1086 1483 1093 1498 .
1121 1486 1129 1499 .
1156 1485 1165 1502 .
1192 1434 1269 1500 ἀλλ’
1295 1435 1410 1514 ἔεχατοι

251 1540 413 1618 δηλονότι;
433 1564 463 1625 p.
478 1542 541 1606 381
562 1546 641 1606 extr.
656 1543 750 1622 μήπω
765 1539 837 1620 μέγ’
851 1540 942 1625 εἴπῃ(
956 1545 1020 1606 κτλ.
1036 1542 1093 1606 ubi
1106 1542 1188 1606 duae
1202 1543 1408 1628 paraphrases

251 1647 401 1712 confusae
434 1652 467 1712 et
498 1649 686 1734 permixtae.
736 1648 885 1733 Denique
912 1672 942 1732 p.
972 1649 1035 1713 381
1069 1650 1169 1714 verba
1198 1649 1232 1712 in
1254 1648 1320 1713 LS
1348 1650 1410 1714 Ald.

251 1755 372 1820 omissa
398 1756 428 1819 τί
454 1756 516 1835 γὰρ
545 1757 644 1822 αὐτὸν
673 1756 806 1835 ἔμελλεν
834 1755 945 1836 όνῆεαι
974 1757 1011 1820 τὸ
1040 1762 1096 1835 τῆ(
1124 1755 1297 1836 ἀναβολῆς,
1332 1757 1410 1834 εἴπερ

161 1927 163 1932 ,
250 1861 363 1941 ἔμελλε
378 1863 497 1928 ταύτὸν
516 1864 567 1928 καὶ
586 1864 719 1942 ὕετερον
738 1864 936 1927 πεπονθέναι
954 1862 1036 1943 ὅπερ
1056 1865 1107 1928 καὶ
1126 1863 1298 1943 πρότερον,
1321 1869 1410 1928 teme·
1445 1897 1450 1910 ·

250 1970 337 2033 raria
359 1970 418 2033 illa
441 1969 568 2054 quidem
589 1973 622 2034 et
640 1960 877 2034 inconsiderate
896 1969 991 2053 dicta,
1014 1992 1053 2034 ex
1076 1971 1225 2055 margine
1248 1971 1410 2054 irrepsisse

248 2097 313 2140 non
346 2077 414 2141 sine
447 2076 690 2161 probabilitatis
725 2075 832 2160 specie
863 2076 989 2141 censuit
1017 2075 1126 2142 Graux
1149 2077 1170 2140 l.
1194 2099 1219 2142 s.
1242 2100 1268 2141 s.
1290 2101 1320 2161 p.
1344 2079 1410 2159 234,

249 2183 304 2246 sed
328 2183 449 2248 similia
476 2183 613 2247 iustiore
636 2184 762 2248 ratione
790 2183 942 2268 leguntur
972 2184 1005 2247 in
1028 2183 1166 2247 ‘scholiis
1189 2183 1359 2249 Lucianeis
1385 2207 1410 2266 p.
1449 2257 1451 2274 ἱ

250 2287 640 2374 1061acobitz.‚²)unde
664 2290 824 2355 fluxerunt
847 2290 881 2353 in
905 2288 1065 2374 Athoum,
1089 2289 1128 2354 cf.
1151 2313 1182 2374 p.
1206 2291 1260 2356 67.

336 2397 538 2480 Quamquam
561 2396 642 2460 haec
661 2396 847 2461 levidensis.
889 2395 1022 2459 Maioris
1046 2400 1154 2461 autem
1178 2400 1334 2463 momenti
1356 2403 1408 2479 est

248 2503 333 2591 quod
356 2503 431 2568 inde
450 2527 477 2568 a.
496 2526 527 2587 p.
546 2501 611 2568 380
631 2506 709 2568 extr.
731 2501 806 2582 τάχ’
830 2501 976 2582 εἰεόμεθα
999 2515 1096 2589 (corr.
1115 2540 1157 2550 -—
1177 2501 1249 2591 (θα)
1270 2505 1409 2585 μάντεων

246 2614 423 2693 ὑπέρτερον
452 2610 653 2675 diasceuasta
679 2610 811 2695 proprio
840 2608 946 2673 Marte
974 2610 1258 2695 paroemiographi
1283 2634 1407 2677 munere
1448 2623 1449 2648 ¹

245 2721 372 2785 videtur
394 2719 524 2783 functus
547 2740 627 2783 esse.
672 2718 723 2781 Ab
747 2717 840 2781 initio
864 2717 949 2781 enim
973 2716 1076 2781 Athoi
1104 2740 1205 2805 usque
1233 2719 1275 2783 ad
1297 2721 1408 2803 9:380

244 2832 324 2894 extr.
346 2825 414 2889 iere
437 2825 494 2907 4o,
523 2824 574 2888 vel
597 2823 805 2887 Laurentiani
832 2824 1012 2906 proverbiis
1036 2822 1169 2887 adscitis
1192 2825 1237 2888 60
1259 2826 1407 2890 lemmata

243 2936 397 3019 leguntur
423 2932 652 2996 accuratissime
683 2930 857 2994 secundum
889 2929 983 2994 binas
1016 2930 1145 2994 litteras
1175 2930 1333 3015 disposita
1359 2932 1407 3015 (cf.

243 3063 340 3125 supra
363 3063 394 3125 p.
412 3035 462 3124 9);
485 3060 561 3103 nam
585 3058 666 3122 quae
690 3036 820 3101 obstare
843 3036 992 3100 videntur
1011 3036 1183 3119 proverbia
1202 3039 1405 3103 similitudine

242 3149 327 3211 inter
356 3168 390 3211 se
418 3146 658 3230 coniunguntur
685 3148 718 3209 et
747 3167 810 3208 uno
837 3144 957 3228 ubique
988 3146 1139 3208 lemmate
1168 3150 1244 3211 sunt
1272 3168 1406 3229 compre-

242 3253 419 3319 hendenda.
464 3251 591 3317 Deinde
613 3253 688 3333 post
706 3249 787 3329 ἀνὴρ
810 3252 846 3313 δὲ
871 3251 1004 3330 φεύγων
1026 3250 1101 3313 inde
1127 3274 1148 3315 a
1169 3250 1245 3330 τάχ’
1268 3253 1407 3331 εἰιόμεθα

241 3364 306 3426 κτλ.
340 3361 384 3445 (p.
413 3359 479 3423 380
510 3356 604 3436 extr.)
632 3378 690 3441 per
720 3362 794 3421 octo
822 3358 978 3421 lemmata
1003 3358 1095 3422 nullu
1124 3358 1256 3423 omnino
1290 3360 1405 3424 ordinis

240 3469 423 3532 litterarum
446 3465 531 3530 ratio
555 3464 703 3527 habetur.
746 3464 793 3527 Ao
811 3464 951 3548 primum
971 3463 1051 3528 illud
1071 3486 1109 3528 ex
1129 3462 1300 3547 Sophoclis
1319 3465 1405 3528 Anti-
1446 3461 1447 3474 *

241 3596 328 3658 gena
350 3574 414 3637 631
438 3572 612 3655 repetitum
636 3571 816 3655 explicatur

398 3713 636 3798 mma
902 3710 1446 3797 smmmmz

275 3837 319 3889 ἐπὶ
337 3840 395 3889 τῶν
419 3837 454 3902 μὴ
475 3842 616 3905 ττοχαεμῷ
635 3834 796 3902 χρωμένων,
886 3834 902 3885 ό
926 3834 1009 3898 λόγοε
1035 3839 1235 3902 παροιμιακῶε,
1262 3836 1343 3892 ὁπότε
1367 3839 1401 3901 μὴ

238 3927 297 3979 ἀλλ’
316 3926 434 3990 αὐτοψεί
452 3930 510 3978 τῶν
528 3925 699 3992 πραγμάτων
717 3940 796 3988 γενο-
851 3928 993 3990 ετοχαεμῷ
1018 3923 1160 3990 χρώμεθα,
1189 3924 1248 3976 ἀλλ’
1272 3924 1402 3977 αὐτόπται

237 4016 329 4082 μένων
342 4012 796 4082 εννίττορατ(7)·προγινώεκειμὲν
851 4014 910 4064 τῶν
937 4012 1110 4078 πραγμάτων
1137 4013 1283 4078 γινόμεθα·
1310 4030 1401 4079 προγι-

310 4178 335 4244 1)
360 4174 463 4227 Mirum
485 4173 515 4226 in
538 4173 651 4227 modum
676 4173 784 4227 librarii
807 4171 920 4241 ineptiis
945 4171 1046 4225 abusus
1068 4173 1112 4225 est
1132 4170 1165 4224 G.
1184 4172 1278 4229 Wolff.
1302 4171 1401 4227 Philoh

237 4264 338 4320 XXVIl
358 4283 385 4334 p.
406 4269 470 4317 111:
490 4262 523 4317 cf.
544 4261 659 4316 Finclrh.
678 4263 714 4317 ib.
735 4262 812 4316 XXX
830 4280 856 4330 p.
877 4266 937 4314 427.

265 4412 273 4417 ,
306 4355 334 4423 2)
352 4355 443 4407 Τοθτο
463 4353 578 4405 οὖνκαὶ
597 4353 613 4405 ό
632 4351 770 4405 Μίκωλλόε
788 4366 882 4418 φητιν
902 4352 946 4403 ότι
964 4351 1014 4417 ἐφ’
1033 4351 1097 4403 δεον
1117 4351 1133 4402 ὁ
1151 4350 1272 4403 θάνατοι
1288 4348 1399 4416 γίνεται,
1443 4381 1444 4420 3

234 4442 261 4495 rt
280 4458 313 4508 με
331 4442 434 4508 ὠφελεῖ
451 4442 485 4494 τὸ
505 4441 653 4493 ἀποθανεῖν
673 4442 795 4507 ὕετερον.
