2925 5050
700 220 935 349 ,ιωξ

224 506 227 511 ,
317 434 442 501 Cratini
464 436 570 500 looum
594 434 831 499 diaeoeuaalam
855 432 989 497 Zenobii
1013 434 1133 505 temere
1158 432 1309 497 omisisse
1332 429 1392 497 εἷπε

228 546 342 609 vocula
370 544 480 628 orguil
506 542 541 606 in
568 542 632 607 fine
661 545 803 625 servata,
836 540 876 604 ad
906 562 1003 625 qnam
1033 539 1245 605 subaudiatur
1271 560 1406 619 neeesse⁸
1434 612 1435 617 γ

229 656 280 717 esi
307 655 412 735 poeta.
458 649 668 733 Reliquorum
695 647 941 732 proverbiorum
965 655 1022 733 (τε
1046 648 1127 712 conl.
1152 644 1213 731 lv)
1238 668 1278 710 ne
1302 670 1393 711 unum

231 777 358 863 quidem
396 777 559 842 invenitur
591 774 677 860 apud
708 772 877 857 Photium,
909 773 964 859 qui
998 773 1057 837 sub
1087 755 1312 856 {proverbiis
1335 795 1392 837 oru-

230 883 308 949 nino
333 886 430 948 carel.

319 1006 442 1072 Verum
474 1007 528 1071 hio
556 1007 684 1091 quidem
717 1007 808 1071 loeus
836 1028 902 1071 non
935 1006 1057 1091 legitur
1084 1007 1120 1069 in
1146 1005 1299 1070 ooniinua
1332 1026 1395 1087 pro-

230 1114 415 1180 verbiorum
440 1114 531 1178 serie.
567 1113 684 1197 Itaque
704 1114 809 1197 magis
834 1114 934 1179 eliam
959 1117 1091 1197 accepta
1110 1112 1205 1177 nobis
1230 1118 1304 1177 sunl
1327 1113 1395 1175 lem-

231 1226 320 1288 mata
343 1222 403 1285 sub
429 1224 456 1298 ῆ
480 1242 563 1303 quae
587 1224 675 1285 sunl:
1299 1211 1305 1223 ’

328 1344 443 1408 Β467
469 1374 510 1397 =
534 1342 560 1407 P
583 1343 631 1408 IV
656 1344 696 1408 19
985 1344 1081 1408 Phot.
1104 1342 1120 1407 Ι
1144 1366 1173 1427 p.
1196 1344 1262 1409 253

267 1453 285 1518 ἢ
305 1451 346 1503 δεῖ
363 1449 488 1516 χελώνη(
506 1449 572 1516 κρέα
596 1454 697 1516 φαγεῖν
715 1451 733 1516 ἢ
753 1451 790 1516 μὴ
881 1448 979 1503 eadem
998 1448 1056 1503 fere
1075 1448 1193 1517 praebet
1210 1465 1282 1517 quae
1296 1447 1327 1514 Β,
1346 1466 1394 1501 uno

233 1545 345 1607 φαγεῖν·
382 1543 433 1605 τῆ(
460 1538 583 1604 χελώνη(
610 1537 689 1602 ὀλίγα
722 1542 791 1605 βρω-
844 1537 907 1592 looo
935 1541 1065 1607 excepto:
1093 1540 1158 1591 ὅθεν
1177 1542 1222 1592 καὶ
1240 1541 1293 1605 τὴν
1309 1555 1396 1605 παροι-

232 1629 316 1682 θέντα
334 1628 370 1680 τὰ
385 1627 451 1694 κρέα
465 1629 604 1694 (τρόφουε
613 1633 693 1695 ποιεῖ,
702 1630 792 1681 πολλὰ
846 1627 909 1694 μίαν
938 1629 1057 1694 Δήμων·
1089 1629 1179 1695 ἕτεροι
1213 1631 1243 1683 δέ
1276 1630 1317 1681 ἐπὶ
1344 1632 1394 1679 τῶν

233 1720 263 1772 δέ
273 1716 408 1784 καθαίρει·
423 1713 510 1788 <ὅθεν
525 1718 542 1782 ἠ
557 1715 697 1783 παροιμία.
716 1716 791 1769 Ἕτε-
847 1718 1013 1771 ἀποδύντων
1037 1718 1087 1782 μέν
1110 1716 1159 1789 <έ(
1182 1714 1231 1789 τι>
1252 1722 1368 1783 πρᾶγμα,
1377 1714 1395 1781 ²)

232 1825 276 1875 ροι
294 1804 334 1860 ’δέ
363 1807 407 1858 ἐπὶ
431 1810 490 1858 τῶν
513 1806 675 1873 ἀρχομένων
703 1807 792 1873 ὁρμᾶν
847 1804 1118 1873 (τρατευεαμένωνθ)
1138 1806 1168 1859 δὲ
1187 1809 1244 1869 κτλ.

233 1896 277 1950 ἐπέ
290 1914 317 1949 τι
330 1900 453 1963 πρᾶγμα,
467 1896 694 1961 (τρατευομένων
710 1897 790 1963 (corr.

234 1984 510 2053 (τραγγευομένωνῖ)
522 1985 560 2039 δέ.
575 1986 643 2039 Φα(λ
658 1985 688 2038 δέ
703 1985 792 2049 αὐτὴν

232 2074 394 2143 Τερψίωνα(
412 2071 511 2146 εἶναι)
522 2073 542 2141 ¹)

455 2236 570 2301 Μω
964 2211 1243 2321 umam

173 2372 178 2379 ·
270 2343 383 2408 ήκύων
402 2342 432 2395 ἐν
451 2348 486 2410 τῇ
505 2343 613 2411 φάτνῃ·
635 2343 706 2409 πρὸ(
727 2343 794 2394 τοὺ(
882 2345 899 2408 ἡ
924 2360 948 2395 κ.
973 2343 1016 2395 ἐπὶ
1043 2346 1094 2409 τῆ(
1121 2343 1244 2411 φάτνη(·
1272 2342 1396 2411 παροιμία

235 2433 317 2500 μήτε
351 2432 461 2485 ἑαυτοῖ(
496 2432 691 2498 χρωμένου(
724 2432 792 2496 μήτε
847 2433 973 2489 ἐπὶτῶν
1001 2432 1083 2499 μήτε
1108 2434 1305 2501 χρωμένων,
1333 2433 1397 2498 μήτ’

235 2523 357 2575 ἄλλου(
372 2521 516 2588 έῶντα(,
531 2523 597 2589 παρ’
606 2523 670 2574 ὅεον
684 2521 701 2586 ἡ
717 2523 793 2573 κύων
848 2523 938 2576 ἄλλοι(
957 2523 1171 2588 μεταδιδόντων.

236 2614 303 2665 οὔτε
317 2611 388 2678 αὐτὴ
400 2611 495 2677 κριθὰ(
504 2609 584 2664 έτθίει
594 2613 638 2663 καί
646 2610 698 2664 τὸν
706 2609 793 2664 ἵππον
1033 2631 1079 2696 Id·
1103 2655 1133 2716 p·
1152 2633 1217 2696 363

234 2702 286 2754 οὐκ
304 2701 345 2770 ἑᾷ.
883 2755 907 2790 κ,
936 2738 980 2790 ἐπὶ
1006 2738 1130 2805 φάτνη(·
1165 2755 1193 2790 π.
1217 2737 1239 2790 ἐ.
1263 2755 1287 2790 τ.
1310 2755 1336 2803 μ·
1359 2753 1396 2802 xp·

848 2828 918 2894 μήτε
937 2828 1060 2880 ἄλλου(
1078 2825 1222 2924 ἐώντων.

454 2988 570 3053 Ma
912 2964 1247 3072 'umam
1336 3039 1338 3044 .

270 3095 358 3162 ἡμένη
377 3095 498 3148 πελειά(·
518 3095 570 3147 ἐπὶ
589 3076 657 3147 τῶν
672 3095 793 3146 ἁπλου-
883 3098 910 3161 ἡ,
926 3111 967 3148 π.·
987 3093 1119 3160 παροιμία
1134 3095 1182 3148 ἐπὶ
1200 3099 1268 3149 τῶν
1283 3096 1396 3148 ἁπλου-

235 3184 373 3237 (τάτων.
403 3185 492 3237 Κατὰ
511 3171 727 3238 ἀντέξέταων
741 3185 794 3250 τὴν
849 3185 977 3252 (τέρων
996 3186 1040 3236 καί
1060 3185 1227 3251 ἀκακοήθων
1242 3185 1398 3250 ταττομένη,

235 3274 305 3339 πρὸ(
336 3274 386 3326 τὰ(
417 3273 643 3340 παλευτρίαε,
681 3271 714 3325 αἳ
747 3273 794 3326 ἐξ·
849 3275 922 3325 κατ’
952 3273 1167 3327 ἀντεξέταειν
1195 3278 1254 3327 τῶν
1285 3277 1398 3327 παλευ-

237 3361 794 3430 ιπτάμεναικαίἄλλα([ἀπατῆ(αι]4)
848 3367 953 3429 τριῶν
987 3362 1019 3415 αἳ
1052 3363 1277 3429 έξιπτάμεναι
1308 3365 1399 3416 ἄλλα(

236 3442 458 3516 προάγονται.
504 3452 643 3504 Παλεῠωι
676 3451 729 3517 γὰρ
761 3451 795 3503 τὸ
848 3451 1087 3517 προ(άγου(ιν.

237 3538 373 3604 ἀπατῆεαί
392 3555 484 3606 φατιν.
821 3535 843 3608 Ι’

309 3700 334 3765 1)
356 3699 422 3752 Sola
440 3699 540 3754 ultima
558 3700 587 3753 in
606 3698 636 3751 M
659 3700 792 3769 leguntur
810 3698 836 3751 ΙΙ
855 3704 889 3753 56
908 3718 935 3768 p.
955 3705 1008 3753 364
1031 3701 1075 3753 ἐπὶ
1094 3704 1152 3753 τῶν
1172 3701 1337 3755 ἀποδύντων
1356 3703 1397 3767 μέν

236 3789 291 3842 έετι
309 3795 430 3858 πρᾶγμα,
449 3791 676 3856 (τρατευομένων
697 3789 742 3857 (cf.
760 3789 791 3857 P)
811 3790 848 3842 δέ.
886 3791 970 3844 Φα(ἰν
986 3790 1075 3856 αὐτὴν
1096 3792 1152 3842 κτλ.
1186 3787 1262 3854 Quae
1280 3788 1397 3858 intellegi
1436 3823 1437 3858 3

236 3895 291 3932 non
311 3880 434 3947 possunt.
473 3879 653 3940 Sorjbendum
679 3877 790 3932 videtur
809 3879 928 3932 ἐπὶτῶν
947 3879 1113 3931 ἀποδύντων
1133 3882 1177 3947 (=
1197 3880 1398 3947 ἐπιχειρούντων
1436 3873 1437 3938 l

236 3969 408 4036 ὁρμωμένων
432 3967 493 4038 [Ρ],
516 3985 565 4036 pro
593 3965 740 4022 usitatiore
764 3966 814 4022 illo
838 3968 1039 4034 ἀποδυομὲνων
1064 3968 1098 4021 of.
1122 3968 1265 4038 Aristoph.
1289 3969 1397 4022 tharu.

238 4063 289 4112 627
309 4057 425 4127 Lysistr.
446 4062 497 4128 §15
517 4075 580 4110 cnm
600 4055 710 4124 soholl.)
731 4057 791 4121 μέν
815 4057 848 4108 ἔ(
869 4074 900 4108 τι
924 4056 978 4125 (ἐπί
995 4057 1033 4124 τι)
1052 4061 1165 4124 πρᾶγμα
1180 4061 1234 4111 κτλ.
1268 4057 1328 4113 Ηοο
1346 4059 1397 4113 loco
1436 4053 1437 4112 ι

174 4189 180 4198 .
237 4163 308 4216 qnae
328 4148 409 4216 plura
428 4147 534 4200 habent
553 4147 631 4203 codd.
650 4146 726 4215 volg.
746 4163 761 4200 e
780 4145 870 4200 lexico
889 4145 999 4200 fluxisse
1018 4146 1156 4201 videntur.
1436 4173 1437 4242 γ

309 4239 336 4305 2)
357 4235 404 4289 Sio
422 4236 496 4290 enim
514 4235 709 4305 corrigendum
727 4235 839 4290 videtur
858 4236 984 4290 consulto
1001 4235 1104 4304 liabeo,
1126 4236 1160 4292 of.
1181 4236 1243 4292 adn.
1265 4244 1287 4291 1.
1436 4291 1437 4330 1

310 4326 337 4394 3)
357 4327 603 4393 (τραγγευομένων
622 4325 740 4380 sirecte
760 4325 921 4394 corrigitur,
946 4324 1170 4396 antiquissimum
1194 4325 1280 4380 habea
1299 4317 1395 4380 iillum.
1436 4333 1437 4398 l

312 4416 338 4483 4)
357 4415 447 4469 Locus
465 4416 597 4470 turbatus
615 4413 726 4469 videtur
745 4415 914 4484 glossemate
932 4414 1080 4470 inculoalo.
1436 4399 1437 4482 l
