2925 5050
528 282 770 367 4127-

64 465 134 524 sunt
159 462 196 525 in
219 463 333 527 tabula
355 484 386 546 p.
412 462 475 527 106
495 483 541 547 sq.
564 460 595 525 A
618 462 726 526 littera
751 460 906 525 denotati.
938 459 1026 535 Quae
1049 460 1232 526 coniectura

59 566 201 633 Macario
237 572 425 653 comparato
459 566 546 656 (vide
579 591 678 652 supra
710 566 819 652 cap.I
851 568 916 649 §4
948 590 979 651 p.
1001 560 1059 653 40)
1092 568 1231 633 fortasse

62 676 178 758 poterit
201 676 341 741 firmari:
370 675 425 740 sed
448 698 534 740 nunc
558 675 687 759 quidem
711 675 867 759 opusculo
891 674 960 738 eius
983 675 1125 741 nondum
1150 676 1229 741 satis

62 783 231 869 diligenter
256 805 388 849 excusso
413 783 633 868 discriptoque
658 784 706 847 uti
729 783 820 847 nolui
844 782 908 846 isto
933 787 1133 867 argumento.

145 889 256 983 invios
283 891 390 956 hercle
420 892 511 956 locos
540 894 712 975 vastosque
741 889 901 974 permensi
931 910 990 953 neo
1018 893 1129 955 tamen
1156 912 1230 954 raro

60 998 200 1062 laetioris
224 998 388 1063 doctrinae
418 999 521 1082 copiis
549 997 685 1063 recreati
713 997 843 1061 tandem
868 996 1040 1082 aliquando
1069 997 1230 1062 adfinem

62 1108 271 1188 pervenimus.
316 1106 520 1191 Quamquam
543 1106 683 1191 plurima
713 1128 791 1170 sane
814 1106 912 1170 etiam
934 1127 1020 1169 nunc
1042 1108 1170 1169 restant
1192 1106 1230 1168 de

64 1214 173 1296 quibus
197 1212 346 1278 dubitare
377 1214 497 1298 possis,
524 1235 596 1278 cum
626 1214 817 1299 praesertim
848 1214 994 1297 volgatae
1023 1212 1097 1275 illae
1120 1234 1228 1277 recen-

65 1320 179 1405 siones,
211 1321 351 1386 maxime
375 1321 569 1405 Bodleiana,
596 1320 745 1406 singulae
769 1342 806 1385 ex
831 1320 904 1385 aliis
932 1341 1058 1405 quoque
1083 1318 1228 1383 fontibus

65 1427 176 1491 ditatae
200 1424 412 1514 videantur.¹)
458 1428 578 1493 Verum
609 1429 688 1493 satis
715 1428 820 1492 habeo
848 1426 934 1491 viam
963 1426 1030 1491 fere
1059 1426 1230 1491 rationem-

66 1557 120 1617 que
141 1535 299 1600 indicasse
323 1559 387 1622 qua
414 1535 685 1620 progrediendum
709 1536 762 1599 sit.
808 1533 927 1603 Omnia
954 1555 1024 1598 cum
1049 1533 1229 1617 pulvisculo

63 1641 227 1707 exhaurire
249 1650 320 1708 tum
344 1644 472 1708 demum
495 1647 625 1727 tempus
649 1643 720 1728 erit,
743 1643 798 1707 ubi
822 1647 856 1706 et
878 1642 1022 1706 recensio
1047 1641 1158 1705 Atboa
1180 1641 1229 1704 in-

68 1751 154 1833 tegra
176 1750 287 1814 edetur
311 1754 344 1814 et
367 1750 531 1815 codicibus
550 1749 644 1835 Italis
667 1750 875 1833 potissimum
899 1752 932 1812 et
952 1748 1099 1832 Anglicis
1123 1748 1228 1811 denuo

67 1858 194 1922 conlatis
217 1858 369 1942 volgatae
392 1858 593 1943 archetypon
615 1857 811 1921 restituetur.

68 1998 269 2009 Q———-————.-

136 2070 161 2137 1)
178 2068 397 2124 Recentissimae
415 2067 547 2124 videntur
563 2067 795 2137 interpolationes
814 2069 840 2138 (e
859 2066 957 2121 lexicis
976 2067 1119 2136 oriundae)
1134 2065 1156 2119 B
1176 2072 1227 2121 633

68 2163 113 2211 764
134 2163 182 2211 681
204 2175 245 2227 sq.
273 2157 316 2228 (Ι).
336 2158 374 2212 Vl
397 2162 461 2227 89?)
484 2164 538 2213 860
559 2156 770 2227 proverbiorum
795 2159 824 2211 et
846 2156 970 2226 ipsorum
992 2156 1226 2225 interpolatorum

69 2247 199 2301 ordinibus
214 2248 395 2303 adversantes
409 2248 455 2317 (cl.
469 2266 496 2317 p.
513 2249 588 2314 108¹)
606 2246 652 2301 vel
671 2247 747 2301 certe
765 2247 802 2300 ab
821 2245 862 2300 eis
881 2246 998 2314 alienae,
1016 2262 1068 2299 nec
1086 2244 1115 2297 in
1132 2245 1228 2313 P(l)?)

69 2340 264 2405 comparentes:
284 2338 318 2393 cf.
338 2338 457 2407 Hesych.
477 2336 552 2391 Suid.
