2925 5050
728 288 969 352 -140-

263 449 345 510 erat:
369 447 407 512 cf.
432 446 575 531 Thucyd.
599 445 645 512 vl
669 448 721 530 98,
746 446 856 533 Steph.
879 446 955 533 Byz.
980 471 1003 513 s.
1023 472 1062 534 v.‚
1085 452 1118 512 et
1140 448 1212 515 vide
1236 470 1318 533 quae
1338 448 1405 533 inge·
1451 466 1452 547 γ

261 556 352 619 niose
376 556 512 621 coniecit
535 555 676 632 Ahrens
692 557 767 623 dial.
790 556 865 622 Dor.
890 579 921 640 p.
945 558 996 622 64.
1004 554 1027 643 ¹)
1073 556 1166 622 Unde
1197 556 1405 639 nescioquam

262 663 360 728 aliam
384 662 630 748 ambiguitatem
654 663 829 747 repetitam
853 663 888 726 in
910 663 1027 727 laceris
1051 663 1117 728 illis
1140 666 1174 728 et
1195 662 1334 727 turbatis
1353 686 1405 725 nai·-
1451 712 1452 717 .

267 769 447 834 rationibus
470 770 572 833 latere
597 768 781 859 suspiceris.

349 876 384 939 M
406 875 439 940 ΙΙ
464 877 505 941 19
529 876 672 941 Ἀττικὸς
697 876 741 941 εἰς
766 878 890 955 λιμένα·
914 878 933 956 ἡ
954 877 1105 956 παροιμία
1124 878 1208 942 ἐςτὶν
1227 879 1281 944 ἐπὶ
1298 882 1358 943 τῶν
1373 880 1406 961 [ἐν

235 970 328 1048 ’τοῖς
348 986 467 1064 λιμέςι]
484 986 542 1063 τὴν
561 982 712 1064 ἀνδρείαν
730 986 1011 1062 ἐπιδεικνυμένων·
1035 984 1066 1048 οἱ
1084 984 1144 1063 γὰρ
1164 983 1302 1049 Ἀττικοὶ
1321 990 1405 1049 ναῦται

262 1090 362 1156 ὁπότε
390 1093 602 1157 καταπλέοιεν
626 1090 751 1170 οἴκαδε,
780 1090 1022 1170 προθυμότερον
1049 1092 1192 1170 ἤλαυνον
1215 1096 1285 1157 τοῖς
1307 1091 1406 1155 οἰκείοις

261 1198 520 1278 ἐπιδεικνύμενοι.

347 1302 464 1369 Misere
485 1307 651 1369 eontracta
670 1308 703 1369 et
720 1306 854 1370 turbata
872 1304 1033 1389 videntum
1057 1303 1094 1369 of.
1113 1302 1274 1389 Ps.-Di0g.
1293 1304 1407 1370 166:

263 1410 379 1496 Apost.
408 1410 455 1475 IV
478 1412 535 1493 29,
568 1411 663 1476 Phot.
690 1436 714 1476 s.
743 1436 772 1479 ν.
800 1414 834 1477 ές
861 1414 919 1477 τὸν
948 1414 1059 1491 λιμένα
1087 1410 1157 1498 (ubi
1184 1415 1328 1478 notanda
1351 1414 1409 1479 ὅθεν

260 1518 412 1598 παροιμία
440 1518 521 1582 κατὰ
542 1520 581 1582 τὸ
604 1520 746 1584 ἐλλιπές·
775 1518 919 1584 Ἀττικὸς
942 1520 975 1583 ές
1003 1521 1062 1584 τόν
1086 1521 1209 1599 λιμένα·
1241 1521 1340 1585 λείπει
1363 1523 1409 1599 γὰρ

259 1625 399 1710 ἰςχυρός)
419 1656 461 1678 =
481 1624 621 1710 Hesyeh.
640 1649 665 1692 s.
684 1650 713 1693 ν.
733 1623 802 1713 (ubi
822 1625 1052 1710 Aristophanis
1076 1627 1300 1692 testimonium
1318 1628 1411 1711 Babyl.

260 1731 297 1796 fr.
321 1732 363 1796 85
386 1755 417 1815 p.
439 1734 505 1798 413
528 1730 593 1817 K),
617 1733 779 1819 Ps.·Diog.
803 1732 850 1797 IV
875 1734 916 1797 79
942 1764 983 1785 =
1007 1733 1123 1819 Apost.
1148 1732 1195 1798 VI
1220 1736 1262 1799 70
1285 1736 1314 1800 d.

346 1839 380 1903 M
403 1838 437 1902 II
460 1840 504 1904 20
527 1839 631 1905 Θάςος
654 1839 802 1917 ἀγαθῶν·
832 1841 898 1920 [ἐπὶ
921 1846 989 1906 τῶν
1013 1840 1186 1920 εὐδαίμονα
1209 1842 1261 1905 καί
1285 1844 1413 1921 λαμπρὸν
1451 1846 1453 1903 ἑ

257 1947 424 2012 ἀποδεῖξαί
447 1968 518 2011 τινα
541 1948 832 2027 ἐπαγγελλομένων
851 1949 870 2027 ἡ
891 1948 1042 2027 παροιμία
1066 1948 1153 2030 έςτί].
1201 1950 1415 2028 Καλλίςτρατος

257 2055 317 2132 γὰρ
347 2053 366 2117 ὁ
399 2054 504 2133 ῥήτωρ
538 2056 681 2119 έκπεςῶν
708 2053 886 2135 Ἀθήνηθεν
914 2055 1018 2119 έπειςε
1043 2058 1118 2119 τοὺς
1152 2054 1339 2134 Ἀθηναίου(
1365 2060 1415 2135 τὴν
1452 2102 1453 2105 ,

257 2160 431 2238 ἀντίπεραν
459 2167 520 2239 γήν
550 2162 680 2246 οἰκῆται,
708 2165 814 2239 λέγων
842 2162 895 2226 ὅτι
922 2164 972 2227 καί
1001 2166 1099 2242 χρυςά
1126 2165 1268 2241 μέταλλα
1293 2164 1417 2243 ἔχεικαὶ

257 2272 318 2346 γῆν
346 2266 495 2347 ἄφθονον
528 2270 579 2331 καὶ
606 2268 687 2348 ὕλην
715 2267 856 2350 ἀρίςτην,
885 2271 936 2333 καὶ
964 2269 1049 2333 ὅλως
1079 2270 1185 2335 Θάςον
1213 2270 1343 2348 ἀγαθῶν
1367 2273 1417 2336 τὸν

256 2372 359 2438 τόπον
385 2372 506 2439 έκάλει·
537 2373 614 2439 ὅθεν
637 2376 656 2455 ἡ
681 2376 833 2456 παροιμία
864 2377 1035 2457 ἐκράτηςεν
1060 2377 1134 2461 <έπὶ
1149 2372 1227 2443 ’τῶν
1256 2380 1418 2459 εὐδαίμονα

256 2480 308 2543 καὶ
331 2480 479 2560 λαμπρὸν
503 2479 670 2550 ἀποδεῖξαί
692 2505 764 2550 τινα
788 2484 1109 2569 έπαγγελλομένων>.

347 2585 396 2651 Of.
414 2587 441 2651 P
464 2587 512 2653 IV
531 2591 575 2654 34
594 2590 620 2652 Β
636 2592 711 2657 498.
745 2591 993 2677 Ειιρίίουίίοιιοπ
1012 2595 1064 2657 ἐπὶ
1078 2598 1145 2658 τῶν
1159 2644 1166 2659 .
1181 2646 1188 2659 .
1204 2645 1211 2658 .
1226 2594 1418 2659 diasceuasta

257 2697 294 2757 ut
317 2694 400 2759 solet
423 2719 442 2759 a
464 2697 528 2760 fine
552 2697 592 2760 ad
614 2697 747 2762 initium
775 2697 1017 2784 transposuitl)
1068 2699 1180 2765 Simile
1209 2700 1290 2765 illud
1321 2701 1419 2765 Δάτος

260 2800 391 2877 ἀγαθῶν
414 2801 440 2864 Ρ
462 2801 511 2866 ΙΙΙ
537 2805 575 2868 11
604 2835 644 2856 =
669 2803 697 2866 B
722 2806 785 2869 321
816 2806 1027 2871 conlectionis
1053 2807 1185 2891 quintae
1209 2807 1343 2872 videtur.
1377 2807 1419 2870 De

256 2906 447 2973 Callistrato
466 2911 505 2975 ef.
529 2911 629 2975 etiam
647 2911 767 2992 ὀβολὸν
792 2913 864 2992 εὗρε
883 2914 1066 2994 Παρνοίτης
1087 2912 1143 2999 (--
1159 2912 1317 3000 Callistr.)
1340 2915 1371 2978 M
1392 2914 1419 2976 ll
1453 2941 1454 3006 3

254 2999 295 3078 91
322 3012 349 3077 Β
375 3015 438 3080 753
462 3021 495 3081 et
517 3018 624 3102 ipsum
649 3018 790 3084 Demoni
813 3020 1013 3086 vindicatum
1036 3045 1067 3104 p.
1092 3021 1165 3086 145.

344 3121 379 3184 Μ
408 3121 440 3186 Π
464 3125 504 3189 21
533 3125 643 3205 Ἕκητι
672 3128 877 3195 (υλοςῶντος
910 3128 1103 3207 εὐρυχωρίη·
1136 3129 1286 3194 (υλοςῶν
1316 3130 1420 3208 (άμιος

256 3229 353 3309 φίλος
377 3231 508 3307 ἐγένετο
527 3239 573 3318 τῷ
592 3236 723 3320 Δαρείῳ
742 3242 789 3320 τῷ
808 3239 943 3316 Περςῶν
967 3239 1088 3316 βαςιλεῑ
1107 3237 1157 3301 καὶ
1180 3234 1223 3300 δι’
1248 3237 1348 3301 αὐτοῦ
1369 3239 1419 3313 τὴν

256 3338 292 3400 ἐν
311 3336 405 3421 (ἀμῳ
425 3339 612 3404 δυναςτείαν
631 3343 794 3420 παρέλαβε
816 3344 1064 3422 τελευτήςαντος
1083 3340 1323 3421 Πολυκράτους.
1359 3342 1420 3406 ἐπεὶ

256 3444 291 3506 δὲ
316 3448 435 3521 πικρῶς
458 3447 509 3508 καὶ
528 3450 678 3524 χαλεπῶς
701 3450 809 3528 ἦρχεν,
834 3450 1018 3514 ἐκλιπόντες
1042 3450 1100 3528 τήν
1123 3453 1220 3527 νῆςον
1244 3448 1275 3511 οἱ
1298 3449 1421 3513 πλείους

256 3551 447 3632 μετῴκηςαν.
485 3550 562 3617 ὅθεν
580 3554 599 3631 ἡ
619 3555 773 3632 παροιμία
795 3555 965 3634 έκράτηςεν
989 3555 1006 3593 *
1026 3552 1043 3589 *
1063 3558 1081 3594 *
1101 3551 1207 3640 (deest
1230 3553 1419 3638 explicatio).

344 3656 392 3723 Of.
416 3653 441 3720 P
465 3657 512 3720 ΙΙΙ
537 3658 580 3721 99
604 3657 725 3724 Β437.
766 3658 815 3724 De
838 3683 873 3724 re
896 3666 1028 3744 praeter
1047 3665 1195 3725 auctores
1216 3685 1235 3724 a
1253 3661 1419 3726 Leutsehio

255 3763 436 3848 adscriptos
460 3764 500 3829 ef.
523 3763 688 3830 Dunolreri
710 3765 787 3832 hist.
811 3770 875 3830 ant.
899 3767 946 3832 VI
969 3793 999 3852 p.
1022 3767 1098 3834 530.

343 3867 363 3909 '¹‘
382 3870 416 3935 M
439 3869 533 3935 1122
556 3871 667 3937 Ὅπου
692 3873 724 3937 αἱ
743 3873 861 3954 ἔλαφοι
884 3875 924 3938 τά
947 3877 1065 3954 κέρατα
1089 3874 1340 3956 ἀποβάλλουςιν·
1364 3873 1417 3957 <ό>

255 3979 395 4058 Δήμων
423 3979 518 4057 (ρηςὶν
542 3981 578 4043 έν
602 3985 670 4045 τοῖς
693 3983 820 4060 τραχέςι
844 3983 894 4060 καὶ
919 3982 1084 4062 δυςβάτοις
1115 3982 1228 4047 τόποις
1256 3983 1314 4048 τὰς
1339 3981 1418 4067 (τοὺς

253 4084 294 4169 P)
328 4084 473 4164 ἐλάφους
503 4087 758 4167 παρατριβούςας
793 4086 919 4174 (οντας
950 4088 991 4176 Ρ)
1022 4089 1062 4153 τὰ
1091 4091 1208 4168 κέρατα
1238 4091 1320 4169 πρὸς
1350 4089 1417 4155 τοὺς

325 4333 353 4401 1)
372 4329 469 4386 Simile
489 4332 532 4387 est
551 4332 701 4401 Ἀχραδινή
720 4333 843 4403 regionis
862 4333 1053 4404 Syracusanae
1072 4353 1185 4392 nomen:
1205 4336 1239 4391 ef.
1260 4337 1353 4406 ἀχράς

327 4420 354 4487 2)
376 4420 415 4475 Cf.
436 4425 452 4474 8
472 4426 505 4474 12
526 4426 561 4475 26
579 4426 621 4475 28.
659 4422 737 4475 Idem
755 4425 860 4493 passim
879 4425 1044 4480 observatur
1062 4424 1092 4479 in
1109 4426 1140 4480 L.
