2925 5050
518 304 754 369 -113-

74 467 114 515 38
148 463 325 517 Ἀκάνθιοι
351 463 443 517 τέττιξ
471 465 528 516 κτλ
556 460 604 531 (Μ.
698 460 813 516 Dlac:
833 457 1219 529 primumctultimampro·

40 570 69 620 p.
91 554 168 622 377).
660 550 820 606 verbiorum
844 547 1075 619 compositorum,
1102 550 1135 603 ut
1158 563 1218 603 saa·

660 639 739 711 pius,
758 639 896 707 excerpta.

77 798 139 855 46¹³
158 802 290 857 Ἀλιεὺτ
318 804 458 870 πληγεὶς
485 805 542 856 κτλ
567 800 606 871 (ll
697 799 722 853 D
741 800 767 853 11
781 806 825 871 31,
843 801 892 856 ubi
910 798 1005 870 priora
1018 800 1073 855 duo
1086 799 1218 855 invenies.

41 909 67 959 p.
88 892 165 961 ere).

77 1057 115 1105 53
142 1054 262 1109 Ἀλλοτ
285 1051 607 1121 οὑτοεἈρεοταγί-
697 1050 773 1105 DII
796 1056 844 1105 91:
877 1050 938 1107 18.
971 1052 1023 1106 sub
1054 1052 1220 1118 Ἀγὲλαττοτ

43 1158 103 1208 τηε
122 1145 183 1196 κτλ.
202 1140 242 1210 (ll
255 1159 283 1211 p.
303 1143 375 1211 379).
661 1142 751 1209 πέτρα
769 1140 868 1197 cadem
887 1141 1050 1211 composita.

79 1308 117 1355 54
142 1304 219 1370 ’Άμ’
236 1305 316 1358 ἔπος
334 1307 392 1358 κτλ.
412 1303 452 1374 (Μ
471 1323 498 1374 p.
517 1307 589 1373 379).
698 1302 721 1357 Β
742 1308 807 1356 510:
828 1302 926 1357 eadem
940 1302 991 1357 sub
1005 1302 1046 1357 ἴδ’
1060 1303 1138 1373 ἀφύη
1156 1308 1221 1371 πῦρ.

136 1430 257 1498 Nullus
291 1432 400 1499 hercle
436 1433 634 1499 dubitationi
669 1432 803 1499 relictus
836 1435 886 1497 cst
917 1432 1018 1499 locus.
1071 1432 1223 1499 Zenobiae

46 1540 187 1623 volgatus
204 1541 406 1623 interpolatus
424 1546 468 1606 est
484 1562 522 1607 ca
540 1541 721 1606 coniectione
738 1540 848 1622 aliqua
861 1540 1063 1605 nuceranae
1087 1540 1119 1608 V
1126 1542 1223 1623 plane

46 1648 184 1732 porcella,
208 1647 264 1712 scd
288 1670 370 1731 quac
394 1653 427 1713 et
449 1670 508 1734 per
530 1670 642 1713 omncs
664 1648 793 1713 litteras
812 1644 1094 1735 continuabatur¹)
1117 1670 1222 1734 neque

49 1776 175 1838 ecqua
197 1753 232 1818 M
254 1752 314 1817 IV·
330 1756 482 1820 barbarie
510 1760 581 1820 erat
606 1754 742 1840 infecta,
775 1753 859 1839 quod
888 1754 1024 1839 singulis
1052 1756 1222 1841 utriusque

50 1861 245 1925 recensionis
273 1862 356 1926 locis
385 1862 523 1927 conlatis
556 1861 651 1927 facile
678 1861 843 1927 concedes,
893 1859 962 1925 Iam
995 1883 1067 1928 cum
1095 1867 1223 1947 practer

51 1972 115 2030 tres
140 1966 274 2032 Zenobii
296 1968 399 2033 libros
420 1975 453 2035 at
471 1991 590 2034 novam
612 1968 697 2034 hanc
720 1966 954 2033 conlectionem
977 1990 1060 2033 nunc
1079 1970 1222 2053 primum

53 2095 88 2137 ex
106 2074 278 2139 ruderibus
297 2074 444 2139 codicum
458 2075 663 2161 volgatorum
678 2077 804 2139 erutam
818 2074 917 2138 ctiam
936 2077 1071 2157 quartae
1085 2075 1223 2143 Pseudo·

53 2181 261 2262 plutarcheac
279 2182 465 2266 fragmenta
487 2182 523 2246 in
545 2183 591 2247 cis
615 2182 821 2247 inveniantur
844 2180 1116 2266 frequentissima,
1138 2185 1224 2285 cpsps

55 2289 185 2371 quinque
213 2290 286 2354 illus
312 2290 404 2355 series
434 2311 543 2373 casque
569 2290 665 2355 multo
690 2309 785 2372 quam
811 2290 847 2353 ia
873 2288 956 2354 ML
984 2289 1163 2373 integriores
1188 2293 1224 2357 ia

55 2395 188 2460 redicam
209 2396 401 2479 volgatam
423 2397 583 2481 arelactypo
606 2398 788 2479 cormesius
810 2396 959 2461 castrare
981 2400 1182 2480 comequitcr.

139 2503 186 2568 At
210 2504 266 2589 qui
289 2503 410 2570 factum
439 2509 502 2591 est,
530 2508 568 2570 ut
595 2504 708 2590 quinta
736 2503 882 2568 codicum
910 2501 980 2567 ML
1008 2505 1165 2572 conlectio
1189 2506 1224 2572 in

56 2610 194 2694 volgatis
218 2612 358 2697 speciem
381 2631 459 2696 prae
483 2635 518 2678 se
540 2611 624 2676 ferat
645 2614 715 2677 tam
738 2611 912 2695 diversam,
940 2610 994 2675 vix
1017 2617 1054 2677 ut
1072 2615 1226 2698 cognosci

60 2720 161 2799 possit
184 2719 301 2784 ceteris
324 2720 429 2785 multo
453 2720 539 2784 inter
562 2742 597 2784 se
621 2718 855 2784 similioribus?
900 2717 1010 2783 Prima
1033 2740 1131 2785 causa
1152 2723 1225 2806 ipsa

59 2823 122 2888 eius
154 2829 205 2891 est
234 2827 369 2893 indoles.
418 2826 504 2893 Nam
537 2827 610 2892 usui
641 2826 805 2892 cotidiano
841 2823 1032 2908 scholasque
1065 2826 1225 2909 aptiorem

61 2951 123 2994 eam
143 2931 245 2996 fuisse
264 2932 402 3021 vidimus
421 2931 606 2999 Zenobiana
623 2937 657 2997 et
674 2929 913 3018 Plutarchea:²)
936 2931 1046 3016 itaque
1065 2954 1137 2998 cum
1157 2955 1225 2998 sac·

60 3038 187 3118 pissime
211 3040 444 3125 consuleretur,
467 3040 648 3125 paullatim,
673 3043 709 3104 ut
730 3039 769 3103 fit
786 3040 821 3103 in
839 3038 902 3105 hoc
921 3059 1039 3124 genere
1057 3041 1225 3128 librorum,

60 3147 181 3225 penitus
205 3147 442 3218 immutabatur
468 3147 713 3231 navabaturque
737 3151 770 3211 et
794 3146 1046 3232 diversis·quasi
1068 3149 1225 3214 recensio-

61 3253 149 3319 nibus
173 3254 348 3321 ferebatur.
393 3255 566 3320 Praeterea
592 3277 667 3320 cum
689 3255 725 3319 in
753 3255 816 3320 line
843 3253 945 3320 totius
969 3252 1056 3320 illius
1081 3261 1224 3340 corporis

63 3362 164 3440 posita
193 3366 293 3445 esset,
324 3363 360 3426 in
383 3361 561 3447 archetypo
592 3361 738 3428 codicum
767 3360 839 3426 ML
864 3359 990 3425 ultimis
1020 3363 1226 3446 pagellarum

63 3463 216 3532 fasciculis
240 3468 370 3532 amissis
392 3468 563 3553 legebatur
585 3468 737 3533 mutilata
760 3472 858 3552 atque
882 3490 955 3534 cum
978 3469 1137 3570 gxcerptis
1160 3471 1226 3536 illis

63 3569 216 3658 incapite
238 3572 272 3637 Il
294 3576 444 3640 tractatis
472 3575 644 3641 coniuncta
673 3579 737 3661 est,
767 3597 905 3660 quorum
933 3575 1059 3641 nullum
1087 3599 1165 3642 sane
1193 3579 1227 3642 in

65 3683 169 3746 ceteris
197 3681 362 3746 codicibus
390 3683 555 3749 invenitur
582 3684 766 3769 vestigium.
816 3681 958 3748 Omnino
991 3686 1100 3748 antem
1127 3704 1226 3751 recea-

66 3788 176 3855 raama
200 3789 370 3872 fragmenti
396 3789 495 3856 Atbci
520 3795 550 3854 ct
575 3791 786 3856 Laurentium
812 3795 857 3856 est
880 3790 986 3872 forma
1012 3793 1145 3877 totaque
1174 3792 1227 3857 de·

66 3892 152 3962 betur
182 3896 379 3981 magistellis
406 3892 605 3981 Byzantinis.
654 3897 707 3963 Ab
744 3896 923 3983 exemplari
959 3897 1061 3962 multo
1094 3898 1226 3964 meliore

68 4003 190 4090 volgata
213 4005 357 4069 recensio
380 4004 513 4088 pendet:
540 4004 573 4068 id
598 4005 684 4089 quod
706 4005 811 4070 tribus
835 4004 1002 4088 exemplis·
1018 4003 1105 4092 satis·
1121 4004 1226 4071 habeo
1311 4029 1314 4037 ·

129 4182 156 4248 1)
174 4181 351 4248 Quamquam
369 4179 518 4250 paullatim
537 4180 631 4236 delicit
649 4180 702 4235 sub
719 4179 823 4236 littaris
841 4178 963 4234 ultimis:
983 4177 1059 4246 quod
1073 4178 1138 4234 miri
1155 4179 1229 4235 nihil

70 4262 144 4322 babet
155 4269 187 4322 in
201 4267 268 4339 illis,
286 4285 350 4323 cum
364 4270 530 4339 pracsertim
542 4269 608 4324 inde
622 4269 659 4324 ab
673 4269 755 4324 initio
774 4268 878 4325 similia
896 4267 1046 4339 proverbia
1058 4268 1110 4322 sub
1128 4269 1228 4324 codem

70 4351 189 4412 lemmate
203 4362 421 4426 componantur:
437 4362 470 4414 ut
487 4359 517 4414 in
534 4359 589 4414 fine
608 4358 687 4414 nulla
705 4357 764 4414 fere
782 4357 891 4414 intacta
909 4373 969 4412 csse
987 4356 1105 4426 possint.

130 4452 155 4515 2)
174 4448 273 4515 ltaque
291 4447 324 4502 *λ
342 4448 436 4503 omnia
454 4449 513 4503 lere
531 4448 618 4504 Athoi
636 4444 787 4517 proverbia
804 4447 834 4503 in
852 4463 886 4502 ca
905 4445 1035 4502 servant.

115 4544 225 4598 Orosius,
244 4547 362 4588 Analecta.
963 4542 979 4591 Β
