<?xml version="1.0" encoding="UTF-8"?>
<!DOCTYPE html PUBLIC "-//W3C//DTD XHTML 1.0 Transitional//EN"
    "http://www.w3.org/TR/xhtml1/DTD/xhtml1-transitional.dtd">
<html xmlns="http://www.w3.org/1999/xhtml" xml:lang="en" lang="en">
 <head>
  <title>
</title>
<meta http-equiv="Content-Type" content="text/html;charset=utf-8" />
  <meta name='ocr-system' content='tesseract 3.04.00' />
  <meta name='ocr-capabilities' content='ocr_page ocr_carea ocr_par ocr_line ocrx_word'/>
</head>
<body>
  <div class='ocr_page' id='page_1' title='image "./analectacritica00demogoog_0040.png"; bbox 0 0 2925 5050; ppageno 0'>
   <div class='ocr_carea' id='block_1_1' title="bbox 728 247 945 376">
    <p class='ocr_par' dir='ltr' id='par_1_1' title="bbox 728 247 945 376">
     <span class='ocr_line' id='line_1_1' title="bbox 728 247 945 376; baseline -0.005 -17"><span class='ocrx_word' id='word_1_1' title='bbox 728 247 945 376; x_wconf 72' lang='lat' dir='ltr'>..ao-&#39;-</span> 
     </span>
    </p>
   </div>
   <div class='ocr_carea' id='block_1_2' title="bbox 249 466 1427 2053">
    <p class='ocr_par' dir='ltr' id='par_1_2' title="bbox 251 466 1427 1092">
     <span class='ocr_line' id='line_1_2' title="bbox 252 466 1427 556; baseline -0.003 -22"><span class='ocrx_word' id='word_1_2' title='bbox 252 469 405 556; x_wconf 78' lang='lat' dir='ltr'>reliquias</span> <span class='ocrx_word' id='word_1_3' title='bbox 426 467 496 535; x_wconf 88' lang='lat' dir='ltr'>sola</span> <span class='ocrx_word' id='word_1_4' title='bbox 516 471 666 554; x_wconf 87' lang='lat' dir='ltr'>servavit,</span> <span class='ocrx_word' id='word_1_5' title='bbox 689 469 876 536; x_wconf 78' lang='lat' dir='ltr'>velut162</span> <span class='ocrx_word' id='word_1_6' title='bbox 890 471 1025 555; x_wconf 85' lang='lat' dir='ltr'><strong>Didymi</strong></span> <span class='ocrx_word' id='word_1_7' title='bbox 1043 474 1080 536; x_wconf 93' lang='lat' dir='ltr'>ut</span> <span class='ocrx_word' id='word_1_8' title='bbox 1098 469 1180 534; x_wconf 91' lang='lat' dir='ltr'>mihi</span> <span class='ocrx_word' id='word_1_9' title='bbox 1196 469 1329 534; x_wconf 86' lang='lat' dir='ltr'>videtur</span> <span class='ocrx_word' id='word_1_10' title='bbox 1349 466 1427 532; x_wconf 86' lang='grc' dir='ltr'>ἀπό-</span> 
     </span>
     <span class='ocr_line' id='line_1_3' title="bbox 252 574 1425 663; baseline -0.004 -21"><span class='ocrx_word' id='word_1_11' title='bbox 252 595 350 657; x_wconf 76' lang='grc' dir='ltr'>φαιιν</span> <span class='ocrx_word' id='word_1_12' title='bbox 377 578 485 642; x_wconf 87' lang='lat' dir='ltr'>verbis</span> <span class='ocrx_word' id='word_1_13' title='bbox 515 577 646 656; x_wconf 84' lang='grc' dir='ltr'>ἄμεινον</span> <span class='ocrx_word' id='word_1_14' title='bbox 670 581 705 642; x_wconf 85' lang='grc' dir='ltr'>δὲ</span> <span class='ocrx_word' id='word_1_15' title='bbox 728 580 767 643; x_wconf 85' lang='grc' dir='ltr'>τὸ</span> <span class='ocrx_word' id='word_1_16' title='bbox 790 582 921 658; x_wconf 85' lang='grc' dir='ltr'>πρῶτον</span> <span class='ocrx_word' id='word_1_17' title='bbox 944 576 1179 663; x_wconf 84' lang='lat' dir='ltr'>expressam)</span> <span class='ocrx_word' id='word_1_18' title='bbox 1207 574 1223 639; x_wconf 93' lang='lat' dir='ltr'>I</span> <span class='ocrx_word' id='word_1_19' title='bbox 1242 576 1286 642; x_wconf 81' lang='lat'>80</span> <span class='ocrx_word' id='word_1_20' title='bbox 1309 575 1425 640; x_wconf 86' lang='lat' dir='ltr'>comici</span> 
     </span>
     <span class='ocr_line' id='line_1_4' title="bbox 251 678 1427 766; baseline -0.003 -18"><span class='ocrx_word' id='word_1_21' title='bbox 251 684 286 748; x_wconf 90' lang='lat' dir='ltr'>ni</span> <span class='ocrx_word' id='word_1_22' title='bbox 318 684 416 750; x_wconf 88' lang='lat' dir='ltr'>fallor</span> <span class='ocrx_word' id='word_1_23' title='bbox 447 683 595 751; x_wconf 88' lang='lat' dir='ltr'>verba&#39;</span> <span class='ocrx_word' id='word_1_24' title='bbox 579 687 644 750; x_wconf 87' lang='grc' dir='ltr'>απὸ</span> <span class='ocrx_word' id='word_1_25' title='bbox 678 687 775 750; x_wconf 86' lang='grc' dir='ltr'>πέντε</span> <span class='ocrx_word' id='word_1_26' title='bbox 808 685 956 751; x_wconf 72' lang='lat' dir='ltr'>(illector</span> <span class='ocrx_word' id='word_1_27' title='bbox 988 689 1116 764; x_wconf 86' lang='grc' dir='ltr'>πετρῶν</span> <span class='ocrx_word' id='word_1_28' title='bbox 1149 684 1194 750; x_wconf 77' lang='grc' dir='ltr'>εἰ(</span> <span class='ocrx_word' id='word_1_29' title='bbox 1225 683 1388 761; x_wconf 83' lang='grc' dir='ltr'>εκυτάλην</span> <span class='ocrx_word' id='word_1_30' title='bbox 1395 678 1427 766; x_wconf 73' lang='lat'>²),</span> 
     </span>
     <span class='ocr_line' id='line_1_5' title="bbox 252 787 1427 878; baseline -0.003 -24"><span class='ocrx_word' id='word_1_31' title='bbox 252 790 268 854; x_wconf 89' lang='grc' dir='ltr'>Ι</span> <span class='ocrx_word' id='word_1_32' title='bbox 289 791 330 856; x_wconf 84' lang='grc'>83</span> <span class='ocrx_word' id='word_1_33' title='bbox 353 792 498 876; x_wconf 91' lang='lat' dir='ltr'>amplum</span> <span class='ocrx_word' id='word_1_34' title='bbox 519 790 667 857; x_wconf 81' lang='lat' dir='ltr'>Olearchi</span> <span class='ocrx_word' id='word_1_35' title='bbox 686 791 915 878; x_wconf 71' lang='lat' dir='ltr'><strong>fragmentum,</strong></span> <span class='ocrx_word' id='word_1_36' title='bbox 940 792 1010 859; x_wconf 86' lang='lat' dir='ltr'>sim</span> <span class='ocrx_word' id='word_1_37' title='bbox 1029 791 1063 855; x_wconf 94' lang='grc' dir='ltr'>ΙΙ</span> <span class='ocrx_word' id='word_1_38' title='bbox 1083 791 1125 856; x_wconf 77' lang='grc'><strong>15</strong></span> <span class='ocrx_word' id='word_1_39' title='bbox 1144 791 1188 856; x_wconf 80' lang='grc'>65</span> <span class='ocrx_word' id='word_1_40' title='bbox 1205 787 1249 856; x_wconf 78' lang='lat'>82</span> <span class='ocrx_word' id='word_1_41' title='bbox 1269 788 1312 855; x_wconf 80' lang='lat'>84</span> <span class='ocrx_word' id='word_1_42' title='bbox 1336 787 1427 852; x_wconf 82' lang='lat'>1114</span> 
     </span>
     <span class='ocr_line' id='line_1_6' title="bbox 253 895 1427 984; baseline -0.003 -22"><span class='ocrx_word' id='word_1_43' title='bbox 253 895 938 984; x_wconf 62' lang='grc' dir='ltr'>29111.ΝοπροοοΡοωᾱοᾶῑορωῑωωο</span> <span class='ocrx_word' id='word_1_44' title='bbox 957 899 1101 964; x_wconf 88' lang='lat' dir='ltr'>adiecta·</span> <span class='ocrx_word' id='word_1_45' title='bbox 1103 920 1173 963; x_wconf 89' lang='lat' dir='ltr'>esse</span> <span class='ocrx_word' id='word_1_46' title='bbox 1192 917 1231 961; x_wconf 84' lang='lat' dir='ltr'>ex</span> <span class='ocrx_word' id='word_1_47' title='bbox 1250 897 1316 961; x_wconf 89' lang='lat' dir='ltr'>alio</span> <span class='ocrx_word' id='word_1_48' title='bbox 1337 897 1411 961; x_wconf 83' lang='lat' dir='ltr'>ion</span> <span class='ocrx_word' id='word_1_49' title='bbox 1412 919 1427 959; x_wconf 89' lang='lat' dir='ltr'>e</span> 
     </span>
     <span class='ocr_line' id='line_1_7' title="bbox 251 998 738 1092; baseline 0.004 -24"><span class='ocrx_word' id='word_1_50' title='bbox 251 1005 370 1069; x_wconf 89' lang='lat' dir='ltr'>hausta</span> <span class='ocrx_word' id='word_1_51' title='bbox 350 998 447 1070; x_wconf 85' lang='lat' dir='ltr'>a&#39;vix</span> <span class='ocrx_word' id='word_1_52' title='bbox 471 1006 622 1070; x_wconf 77' lang='lat' dir='ltr'>credibile</span> <span class='ocrx_word' id='word_1_53' title='bbox 647 1010 705 1071; x_wconf 88' lang='lat' dir='ltr'>est.</span> <span class='ocrx_word' id='word_1_54' title='bbox 711 1003 738 1092; x_wconf 74' lang='lat'>3)</span> 
     </span>
    </p>

    <p class='ocr_par' dir='ltr' id='par_1_3' title="bbox 249 1084 1425 2053">
     <span class='ocr_line' id='line_1_8' title="bbox 343 1084 1425 1198; baseline -0.003 -23"><span class='ocrx_word' id='word_1_55' title='bbox 343 1084 516 1198; x_wconf 76' lang='lat' dir='ltr'>Sic&#39;t1grur</span> <span class='ocrx_word' id='word_1_56' title='bbox 535 1135 570 1177; x_wconf 86' lang='lat' dir='ltr'>se</span> <span class='ocrx_word' id='word_1_57' title='bbox 588 1135 640 1177; x_wconf 90' lang='lat' dir='ltr'>res</span> <span class='ocrx_word' id='word_1_58' title='bbox 659 1108 1125 1178; x_wconf 80' lang='lat' dir='ltr'>habettOodicumPHFet</span> <span class='ocrx_word' id='word_1_59' title='bbox 1143 1106 1299 1176; x_wconf 80' lang='lat' dir='ltr'><strong>BVA-</strong></span> <span class='ocrx_word' id='word_1_60' title='bbox 1307 1109 1425 1174; x_wconf 84' lang='lat' dir='ltr'>Dfons</span> 
     </span>
     <span class='ocr_line' id='line_1_9' title="bbox 252 1216 1425 1318; baseline 0 -36"><span class='ocrx_word' id='word_1_61' title='bbox 252 1217 431 1282; x_wconf 86' lang='lat' dir='ltr'>communis</span> <span class='ocrx_word' id='word_1_62' title='bbox 465 1219 548 1283; x_wconf 91' lang='lat' dir='ltr'>liber</span> <span class='ocrx_word' id='word_1_63' title='bbox 586 1223 656 1283; x_wconf 91' lang='lat' dir='ltr'>erat</span> <span class='ocrx_word' id='word_1_64' title='bbox 691 1216 913 1302; x_wconf 85' lang='lat' dir='ltr'>amplissimus</span> <span class='ocrx_word' id='word_1_65' title='bbox 945 1219 1021 1302; x_wconf 81' lang='lat' dir='ltr'>plus</span> <span class='ocrx_word' id='word_1_66' title='bbox 1051 1218 1135 1282; x_wconf 73' lang='lat' dir='ltr'>mille</span> <span class='ocrx_word' id='word_1_67' title='bbox 1164 1217 1329 1318; x_wconf 62' lang='lat' dir='ltr'>precabar</span> <span class='ocrx_word' id='word_1_68' title='bbox 1362 1239 1425 1282; x_wconf 80' lang='lat' dir='ltr'>con·</span> 
     </span>
     <span class='ocr_line' id='line_1_10' title="bbox 251 1313 1424 1410; baseline -0.002 -22"><span class='ocrx_word' id='word_1_69' title='bbox 251 1326 350 1389; x_wconf 80' lang='lat' dir='ltr'>tineas</span> <span class='ocrx_word' id='word_1_70' title='bbox 376 1327 554 1395; x_wconf 79' lang='lat' dir='ltr'>maximam</span> <span class='ocrx_word' id='word_1_71' title='bbox 582 1313 708 1410; x_wconf 82' lang='lat' dir='ltr'>partem</span> <span class='ocrx_word' id='word_1_72' title='bbox 732 1326 836 1391; x_wconf 90' lang='lat' dir='ltr'>doctis</span> <span class='ocrx_word' id='word_1_73' title='bbox 860 1325 1119 1390; x_wconf 74' lang='lat' dir='ltr'>enarrationibus</span> <span class='ocrx_word' id='word_1_74' title='bbox 1147 1325 1316 1390; x_wconf 87' lang='lat' dir='ltr'>instructa.</span> <span class='ocrx_word' id='word_1_75' title='bbox 1363 1323 1424 1387; x_wconf 85' lang='lat' dir='ltr'>Ex-</span> 
     </span>
     <span class='ocr_line' id='line_1_11' title="bbox 250 1429 1424 1515; baseline -0.004 -19"><span class='ocrx_word' id='word_1_76' title='bbox 250 1435 378 1515; x_wconf 85' lang='lat' dir='ltr'>cerptns</span> <span class='ocrx_word' id='word_1_77' title='bbox 403 1435 513 1496; x_wconf 87' lang='lat' dir='ltr'>antem</span> <span class='ocrx_word' id='word_1_78' title='bbox 536 1429 587 1498; x_wconf 88' lang='lat' dir='ltr'>est</span> <span class='ocrx_word' id='word_1_79' title='bbox 611 1455 630 1496; x_wconf 90' lang='lat' dir='ltr'>a</span> <span class='ocrx_word' id='word_1_80' title='bbox 654 1433 779 1498; x_wconf 85' lang='lat' dir='ltr'>duobus</span> <span class='ocrx_word' id='word_1_81' title='bbox 802 1433 990 1498; x_wconf 90' lang='lat' dir='ltr'>hominibus</span> <span class='ocrx_word' id='word_1_82' title='bbox 1014 1431 1127 1515; x_wconf 79' lang='lat' dir='ltr'>doctis,</span> <span class='ocrx_word' id='word_1_83' title='bbox 1151 1455 1171 1495; x_wconf 90' lang='lat' dir='ltr'>a</span> <span class='ocrx_word' id='word_1_84' title='bbox 1194 1429 1311 1514; x_wconf 88' lang='lat' dir='ltr'>quibus</span> <span class='ocrx_word' id='word_1_85' title='bbox 1334 1429 1424 1494; x_wconf 86' lang='lat' dir='ltr'>fami-</span> 
     </span>
     <span class='ocr_line' id='line_1_12' title="bbox 250 1535 1421 1627; baseline -0.001 -27"><span class='ocrx_word' id='word_1_86' title='bbox 250 1537 369 1602; x_wconf 90' lang='lat' dir='ltr'>liarum</span> <span class='ocrx_word' id='word_1_87' title='bbox 392 1539 525 1603; x_wconf 89' lang='lat' dir='ltr'>illarum</span> <span class='ocrx_word' id='word_1_88' title='bbox 550 1538 727 1624; x_wconf 87' lang='lat' dir='ltr'>archetypa</span> <span class='ocrx_word' id='word_1_89' title='bbox 746 1538 893 1627; x_wconf 86' lang='lat' dir='ltr'>profecta</span> <span class='ocrx_word' id='word_1_90' title='bbox 912 1543 997 1606; x_wconf 86' lang='lat' dir='ltr'>sunt.</span> <span class='ocrx_word' id='word_1_91' title='bbox 1044 1535 1138 1602; x_wconf 74' lang='lat' dir='ltr'>Alter</span> <span class='ocrx_word' id='word_1_92' title='bbox 1162 1535 1293 1622; x_wconf 79' lang='lat' dir='ltr'>(PHF)</span> <span class='ocrx_word' id='word_1_93' title='bbox 1316 1540 1421 1601; x_wconf 87' lang='lat' dir='ltr'>totam</span> 
     </span>
     <span class='ocr_line' id='line_1_13' title="bbox 251 1643 1422 1732; baseline 0.001 -26"><span class='ocrx_word' id='word_1_94' title='bbox 251 1643 344 1708; x_wconf 91' lang='lat' dir='ltr'>illam</span> <span class='ocrx_word' id='word_1_95' title='bbox 374 1644 574 1732; x_wconf 83' lang='lat' dir='ltr'>farraginem</span> <span class='ocrx_word' id='word_1_96' title='bbox 601 1646 740 1711; x_wconf 88' lang='lat' dir='ltr'>retinere</span> <span class='ocrx_word' id='word_1_97' title='bbox 766 1647 887 1732; x_wconf 84' lang='lat' dir='ltr'>noluit,</span> <span class='ocrx_word' id='word_1_98' title='bbox 916 1647 972 1711; x_wconf 88' lang='lat' dir='ltr'>sed</span> <span class='ocrx_word' id='word_1_99' title='bbox 1001 1647 1061 1710; x_wconf 89' lang='lat' dir='ltr'>sub</span> <span class='ocrx_word' id='word_1_100' title='bbox 1088 1645 1187 1711; x_wconf 87' lang='lat' dir='ltr'>finem</span> <span class='ocrx_word' id='word_1_101' title='bbox 1214 1644 1422 1728; x_wconf 88' lang='lat' dir='ltr'>potissimum</span> 
     </span>
     <span class='ocr_line' id='line_1_14' title="bbox 249 1749 1421 1840; baseline -0.002 -26"><span class='ocrx_word' id='word_1_102' title='bbox 249 1750 336 1816; x_wconf 88' lang='lat' dir='ltr'>haud</span> <span class='ocrx_word' id='word_1_103' title='bbox 354 1749 572 1838; x_wconf 81' lang='lat' dir='ltr'>paucis·(fere</span> <span class='ocrx_word' id='word_1_104' title='bbox 591 1752 671 1840; x_wconf 83' lang='lat'>400)</span> <span class='ocrx_word' id='word_1_105' title='bbox 696 1776 778 1837; x_wconf 92' lang='lat' dir='ltr'>quae</span> <span class='ocrx_word' id='word_1_106' title='bbox 803 1753 1005 1838; x_wconf 75' lang='lat' dir='ltr'>argumentis</span> <span class='ocrx_word' id='word_1_107' title='bbox 1028 1753 1058 1817; x_wconf 92' lang='lat' dir='ltr'>ei</span> <span class='ocrx_word' id='word_1_108' title='bbox 1076 1752 1129 1817; x_wconf 87' lang='lat' dir='ltr'>vel</span> <span class='ocrx_word' id='word_1_109' title='bbox 1153 1750 1421 1835; x_wconf 84' lang='lat' dir='ltr'>explicationibus</span> 
     </span>
     <span class='ocr_line' id='line_1_15' title="bbox 249 1854 1422 1925; baseline -0.001 -4"><span class='ocrx_word' id='word_1_110' title='bbox 249 1879 315 1922; x_wconf 90' lang='lat' dir='ltr'>non</span> <span class='ocrx_word' id='word_1_111' title='bbox 343 1854 654 1924; x_wconf 77' lang='lat' dir='ltr'>commendabantur</span> <span class='ocrx_word' id='word_1_112' title='bbox 682 1859 812 1925; x_wconf 88' lang='lat' dir='ltr'>omissis</span> <span class='ocrx_word' id='word_1_113' title='bbox 841 1865 873 1924; x_wconf 90' lang='lat' dir='ltr'>et</span> <span class='ocrx_word' id='word_1_114' title='bbox 896 1861 1088 1924; x_wconf 89' lang='lat' dir='ltr'>lemmatum</span> <span class='ocrx_word' id='word_1_115' title='bbox 1116 1857 1227 1923; x_wconf 90' lang='lat' dir='ltr'>ordine</span> <span class='ocrx_word' id='word_1_116' title='bbox 1250 1858 1325 1922; x_wconf 89' lang='lat' dir='ltr'>inde</span> <span class='ocrx_word' id='word_1_117' title='bbox 1347 1879 1422 1921; x_wconf 88' lang='lat' dir='ltr'>non·</span> 
     </span>
     <span class='ocr_line' id='line_1_16' title="bbox 249 1963 1421 2053; baseline -0.003 -25"><span class='ocrx_word' id='word_1_118' title='bbox 249 1987 415 2048; x_wconf 91' lang='lat' dir='ltr'>nunquam</span> <span class='ocrx_word' id='word_1_119' title='bbox 434 1965 577 2050; x_wconf 67' lang='lat' dir='ltr'>turbata</span> <span class='ocrx_word' id='word_1_120' title='bbox 601 1967 725 2053; x_wconf 88' lang='lat' dir='ltr'>reliqua</span> <span class='ocrx_word' id='word_1_121' title='bbox 745 1989 782 2032; x_wconf 91' lang='lat' dir='ltr'>eo</span> <span class='ocrx_word' id='word_1_122' title='bbox 803 1967 984 2032; x_wconf 77' lang='lat' dir='ltr'>accuratius</span> <span class='ocrx_word' id='word_1_123' title='bbox 1004 1967 1182 2051; x_wconf 83' lang='lat' dir='ltr'>exscripsit.</span> <span class='ocrx_word' id='word_1_124' title='bbox 1228 1963 1315 2030; x_wconf 90' lang='lat' dir='ltr'>Nam</span> <span class='ocrx_word' id='word_1_125' title='bbox 1333 1985 1421 2048; x_wconf 89' lang='lat' dir='ltr'>prae·</span> 
     </span>
    </p>
   </div>
   <div class='ocr_carea' id='block_1_3' title="bbox 138 2071 1420 2168">
    <p class='ocr_par' dir='ltr' id='par_1_4' title="bbox 138 2071 1420 2168">
     <span class='ocr_line' id='line_1_17' title="bbox 138 2071 1420 2168; baseline -0.002 -32"><span class='ocrx_word' id='word_1_126' title='bbox 138 2160 142 2168; x_wconf 22' lang='grc' dir='ltr'><em>ι</em></span> <span class='ocrx_word' id='word_1_127' title='bbox 214 2150 225 2163; x_wconf 33' lang='grc'><em>“</em></span> <span class='ocrx_word' id='word_1_128' title='bbox 250 2072 342 2155; x_wconf 89' lang='lat' dir='ltr'>cipue</span> <span class='ocrx_word' id='word_1_129' title='bbox 357 2071 535 2136; x_wconf 88' lang='lat' dir='ltr'>delectatus</span> <span class='ocrx_word' id='word_1_130' title='bbox 547 2073 675 2140; x_wconf 88' lang='lat' dir='ltr'>videtur</span> <span class='ocrx_word' id='word_1_131' title='bbox 690 2075 809 2158; x_wconf 86' lang='lat' dir='ltr'>amplis</span> <span class='ocrx_word' id='word_1_132' title='bbox 824 2073 1192 2160; x_wconf 83' lang='lat' dir='ltr'>paroemiographorum</span> <span class='ocrx_word' id='word_1_133' title='bbox 1203 2071 1420 2156; x_wconf 89' lang='lat' dir='ltr'>antiquiorum</span> 
     </span>
    </p>
   </div>
   <div class='ocr_carea' id='block_1_4' title="bbox 248 2178 1421 2587">
    <p class='ocr_par' dir='ltr' id='par_1_5' title="bbox 248 2178 1421 2587">
     <span class='ocr_line' id='line_1_18' title="bbox 250 2178 1421 2266; baseline -0.002 -24"><span class='ocrx_word' id='word_1_134' title='bbox 250 2178 509 2244; x_wconf 84' lang='lat' dir='ltr'>enarrationibus</span> <span class='ocrx_word' id='word_1_135' title='bbox 537 2179 746 2266; x_wconf 82' lang='lat' dir='ltr'>fabellisque:</span> <span class='ocrx_word' id='word_1_136' title='bbox 777 2181 863 2266; x_wconf 92' lang='lat' dir='ltr'>quod</span> <span class='ocrx_word' id='word_1_137' title='bbox 892 2181 1036 2246; x_wconf 86' lang='lat' dir='ltr'>studium</span> <span class='ocrx_word' id='word_1_138' title='bbox 1065 2181 1165 2245; x_wconf 89' lang='lat' dir='ltr'>etiam</span> <span class='ocrx_word' id='word_1_139' title='bbox 1187 2180 1223 2243; x_wconf 92' lang='lat' dir='ltr'>in</span> <span class='ocrx_word' id='word_1_140' title='bbox 1246 2201 1284 2243; x_wconf 92' lang='lat' dir='ltr'>eo</span> <span class='ocrx_word' id='word_1_141' title='bbox 1307 2198 1421 2263; x_wconf 84' lang='lat' dir='ltr'>cogno·</span> 
     </span>
     <span class='ocr_line' id='line_1_19' title="bbox 249 2283 1417 2372; baseline -0.005 -22"><span class='ocrx_word' id='word_1_142' title='bbox 249 2308 327 2369; x_wconf 81' lang='lat' dir='ltr'>sces,</span> <span class='ocrx_word' id='word_1_143' title='bbox 351 2285 436 2369; x_wconf 89' lang='lat' dir='ltr'>quod</span> <span class='ocrx_word' id='word_1_144' title='bbox 454 2286 570 2372; x_wconf 82' lang='lat' dir='ltr'>longos</span> <span class='ocrx_word' id='word_1_145' title='bbox 589 2287 664 2351; x_wconf 90' lang='lat' dir='ltr'>illos</span> <span class='ocrx_word' id='word_1_146' title='bbox 684 2288 773 2352; x_wconf 88' lang='lat' dir='ltr'>locos</span> <span class='ocrx_word' id='word_1_147' title='bbox 791 2288 1025 2371; x_wconf 82' lang='lat' dir='ltr'>Apollodoreos</span> <span class='ocrx_word' id='word_1_148' title='bbox 1045 2286 1083 2350; x_wconf 91' lang='lat' dir='ltr'>de</span> <span class='ocrx_word' id='word_1_149' title='bbox 1098 2309 1157 2350; x_wconf 90' lang='lat' dir='ltr'>suo</span> <span class='ocrx_word' id='word_1_150' title='bbox 1173 2285 1299 2350; x_wconf 86' lang='lat' dir='ltr'>adiecit.</span> <span class='ocrx_word' id='word_1_151' title='bbox 1324 2283 1417 2347; x_wconf 86' lang='lat' dir='ltr'>Alter</span> 
     </span>
     <span class='ocr_line' id='line_1_20' title="bbox 248 2389 1413 2478; baseline -0.003 -22"><span class='ocrx_word' id='word_1_152' title='bbox 248 2389 463 2478; x_wconf 45' lang='lat' dir='ltr'>(Bde-D)</span> <span class='ocrx_word' id='word_1_153' title='bbox 492 2393 724 2477; x_wconf 86' lang='lat' dir='ltr'>explicationes</span> <span class='ocrx_word' id='word_1_154' title='bbox 753 2394 873 2478; x_wconf 90' lang='lat' dir='ltr'>ubique</span> <span class='ocrx_word' id='word_1_155' title='bbox 901 2394 1081 2460; x_wconf 83' lang='lat' dir='ltr'>decurtavit</span> <span class='ocrx_word' id='word_1_156' title='bbox 1108 2394 1160 2459; x_wconf 89' lang='lat' dir='ltr'>vel</span> <span class='ocrx_word' id='word_1_157' title='bbox 1189 2393 1269 2458; x_wconf 87' lang='lat' dir='ltr'>adeo</span> <span class='ocrx_word' id='word_1_158' title='bbox 1289 2389 1413 2471; x_wconf 87' lang='lat' dir='ltr'>omisit,</span> 
     </span>
     <span class='ocr_line' id='line_1_21' title="bbox 249 2498 1417 2587; baseline -0.002 -24"><span class='ocrx_word' id='word_1_159' title='bbox 249 2498 305 2563; x_wconf 87' lang='lat' dir='ltr'>sed</span> <span class='ocrx_word' id='word_1_160' title='bbox 324 2521 494 2564; x_wconf 87' lang='lat' dir='ltr'>numerum</span> <span class='ocrx_word' id='word_1_161' title='bbox 513 2500 722 2587; x_wconf 89' lang='lat' dir='ltr'>ordinemque</span> <span class='ocrx_word' id='word_1_162' title='bbox 745 2501 993 2586; x_wconf 86' lang='lat' dir='ltr'>proverbiorum</span> <span class='ocrx_word' id='word_1_163' title='bbox 1016 2504 1146 2566; x_wconf 91' lang='lat' dir='ltr'>tantum</span> <span class='ocrx_word' id='word_1_164' title='bbox 1168 2524 1234 2565; x_wconf 92' lang='lat' dir='ltr'>non</span> <span class='ocrx_word' id='word_1_165' title='bbox 1256 2499 1417 2585; x_wconf 84' lang='lat' dir='ltr'>integrum</span> 
     </span>
    </p>
   </div>
   <div class='ocr_carea' id='block_1_5' title="bbox 218 2656 1416 4507">
    <p class='ocr_par' dir='ltr' id='par_1_6' title="bbox 247 2656 1415 2801">
     <span class='ocr_line' id='line_1_22' title="bbox 321 2656 1415 2731; baseline -0.003 -21"><span class='ocrx_word' id='word_1_166' title='bbox 321 2662 346 2725; x_wconf 89' lang='lat'>1)</span> <span class='ocrx_word' id='word_1_167' title='bbox 367 2656 407 2713; x_wconf 80' lang='lat' dir='ltr'>cf.</span> <span class='ocrx_word' id='word_1_168' title='bbox 426 2658 536 2729; x_wconf 81' lang='lat' dir='ltr'>Didym.</span> <span class='ocrx_word' id='word_1_169' title='bbox 562 2658 710 2715; x_wconf 81' lang='lat' dir='ltr'>Schmidtii</span> <span class='ocrx_word' id='word_1_170' title='bbox 733 2678 761 2729; x_wconf 85' lang='lat' dir='ltr'>p.</span> <span class='ocrx_word' id='word_1_171' title='bbox 782 2665 816 2714; x_wconf 80' lang='lat'>85</span> <span class='ocrx_word' id='word_1_172' title='bbox 835 2666 895 2715; x_wconf 77' lang='lat'>212.</span> <span class='ocrx_word' id='word_1_173' title='bbox 932 2660 1026 2716; x_wconf 81' lang='lat' dir='ltr'>Etiam</span> <span class='ocrx_word' id='word_1_174' title='bbox 1044 2659 1079 2711; x_wconf 77' lang='lat' dir='ltr'>‘M</span> <span class='ocrx_word' id='word_1_175' title='bbox 1097 2660 1110 2713; x_wconf 92' lang='grc' dir='ltr'>Ι</span> <span class='ocrx_word' id='word_1_176' title='bbox 1129 2666 1164 2714; x_wconf 84' lang='lat'>85</span> <span class='ocrx_word' id='word_1_177' title='bbox 1177 2660 1209 2731; x_wconf 73' lang='lat' dir='ltr'>vP</span> <span class='ocrx_word' id='word_1_178' title='bbox 1223 2658 1261 2714; x_wconf 86' lang='lat' dir='ltr'>IV</span> <span class='ocrx_word' id='word_1_179' title='bbox 1276 2664 1310 2712; x_wconf 81' lang='lat'>50</span> <span class='ocrx_word' id='word_1_180' title='bbox 1329 2656 1415 2713; x_wconf 87' lang='lat' dir='ltr'>verbis</span> 
     </span>
     <span class='ocr_line' id='line_1_23' title="bbox 247 2746 426 2801; baseline 0.006 -1"><span class='ocrx_word' id='word_1_181' title='bbox 247 2746 305 2801; x_wconf 92' lang='lat' dir='ltr'>illis</span> <span class='ocrx_word' id='word_1_182' title='bbox 324 2749 426 2801; x_wconf 83' lang='lat' dir='ltr'>carent.</span> 
     </span>
    </p>

    <p class='ocr_par' dir='ltr' id='par_1_7' title="bbox 218 2834 1416 4417">
     <span class='ocr_line' id='line_1_24' title="bbox 265 2834 1416 2907; baseline -0.002 -18"><span class='ocrx_word' id='word_1_183' title='bbox 265 2894 266 2897; x_wconf 44' lang='lat'>,</span> <span class='ocrx_word' id='word_1_184' title='bbox 318 2840 346 2907; x_wconf 81' lang='lat'>2)</span> <span class='ocrx_word' id='word_1_185' title='bbox 366 2836 491 2892; x_wconf 87' lang='lat' dir='ltr'>Adnotat</span> <span class='ocrx_word' id='word_1_186' title='bbox 512 2837 690 2893; x_wconf 86' lang='lat' dir='ltr'>Leutscbius:</span> <span class='ocrx_word' id='word_1_187' title='bbox 716 2837 886 2893; x_wconf 80' lang='lat' dir='ltr'>‘Obscurum</span> <span class='ocrx_word' id='word_1_188' title='bbox 904 2839 948 2891; x_wconf 89' lang='lat' dir='ltr'>est</span> <span class='ocrx_word' id='word_1_189' title='bbox 969 2840 1022 2904; x_wconf 84' lang='grc' dir='ltr'>τὴν</span> <span class='ocrx_word' id='word_1_190' title='bbox 1041 2839 1075 2906; x_wconf 73' lang='lat' dir='ltr'>(l)</span> <span class='ocrx_word' id='word_1_191' title='bbox 1095 2837 1244 2904; x_wconf 76' lang='grc' dir='ltr'>εκυτάληνε</span> <span class='ocrx_word' id='word_1_192' title='bbox 1270 2834 1369 2890; x_wconf 78' lang='lat' dir='ltr'>Suidas</span> <span class='ocrx_word' id='word_1_193' title='bbox 1391 2836 1416 2888; x_wconf 79' lang='grc' dir='ltr'>ἐ(</span> 
     </span>
     <span class='ocr_line' id='line_1_25' title="bbox 247 2922 1416 2995; baseline -0.003 -17"><span class='ocrx_word' id='word_1_194' title='bbox 247 2931 320 2991; x_wconf 80' lang='grc' dir='ltr'>κῦμα</span> <span class='ocrx_word' id='word_1_195' title='bbox 347 2926 376 2980; x_wconf 90' lang='lat' dir='ltr'>in</span> <span class='ocrx_word' id='word_1_196' title='bbox 405 2925 464 2981; x_wconf 88' lang='lat' dir='ltr'>eius</span> <span class='ocrx_word' id='word_1_197' title='bbox 491 2926 584 2981; x_wconf 88' lang='lat' dir='ltr'>locum</span> <span class='ocrx_word' id='word_1_198' title='bbox 613 2926 715 2981; x_wconf 87' lang='lat' dir='ltr'>affert&#39;.</span> <span class='ocrx_word' id='word_1_199' title='bbox 753 2926 883 2981; x_wconf 81' lang='lat' dir='ltr'>Fortasse</span> <span class='ocrx_word' id='word_1_200' title='bbox 907 2924 1010 2981; x_wconf 84' lang='lat' dir='ltr'>Suidae</span> <span class='ocrx_word' id='word_1_201' title='bbox 1036 2926 1127 2980; x_wconf 85' lang='lat' dir='ltr'>forma</span> <span class='ocrx_word' id='word_1_202' title='bbox 1149 2924 1283 2995; x_wconf 81' lang='lat' dir='ltr'>primaria</span> <span class='ocrx_word' id='word_1_203' title='bbox 1308 2926 1352 2978; x_wconf 88' lang='lat' dir='ltr'>est</span> <span class='ocrx_word' id='word_1_204' title='bbox 1374 2922 1416 2991; x_wconf 84' lang='lat' dir='ltr'>(ad</span> 
     </span>
     <span class='ocr_line' id='line_1_26' title="bbox 247 3012 1415 3084; baseline -0.003 -18"><span class='ocrx_word' id='word_1_205' title='bbox 247 3031 370 3070; x_wconf 87' lang='lat' dir='ltr'>rumores</span> <span class='ocrx_word' id='word_1_206' title='bbox 398 3016 528 3083; x_wconf 83' lang='lat' dir='ltr'>spectans</span> <span class='ocrx_word' id='word_1_207' title='bbox 553 3015 650 3083; x_wconf 89' lang='lat' dir='ltr'>quales</span> <span class='ocrx_word' id='word_1_208' title='bbox 676 3014 710 3068; x_wconf 93' lang='lat' dir='ltr'>de</span> <span class='ocrx_word' id='word_1_209' title='bbox 736 3032 804 3084; x_wconf 85' lang='lat' dir='ltr'>rupe</span> <span class='ocrx_word' id='word_1_210' title='bbox 829 3015 970 3070; x_wconf 85' lang='lat' dir='ltr'>Leucadia</span> <span class='ocrx_word' id='word_1_211' title='bbox 995 3014 1114 3083; x_wconf 88' lang='lat' dir='ltr'>aliisque</span> <span class='ocrx_word' id='word_1_212' title='bbox 1139 3014 1236 3069; x_wconf 90' lang='lat' dir='ltr'>multis</span> <span class='ocrx_word' id='word_1_213' title='bbox 1260 3012 1415 3068; x_wconf 84' lang='lat' dir='ltr'>ferebantur</span> 
     </span>
     <span class='ocr_line' id='line_1_27' title="bbox 248 3101 1414 3172; baseline -0.006 -15"><span class='ocrx_word' id='word_1_214' title='bbox 248 3119 297 3171; x_wconf 87' lang='lat' dir='ltr'>per</span> <span class='ocrx_word' id='word_1_215' title='bbox 320 3102 466 3159; x_wconf 82' lang='lat' dir='ltr'>Graeciam</span> <span class='ocrx_word' id='word_1_216' title='bbox 489 3120 577 3172; x_wconf 87' lang='lat' dir='ltr'>usqne</span> <span class='ocrx_word' id='word_1_217' title='bbox 600 3104 636 3159; x_wconf 92' lang='lat' dir='ltr'>ad</span> <span class='ocrx_word' id='word_1_218' title='bbox 658 3105 694 3158; x_wconf 88' lang='grc' dir='ltr'>τὰ</span> <span class='ocrx_word' id='word_1_219' title='bbox 722 3105 915 3172; x_wconf 84' lang='grc' dir='ltr'>Ὑπερβορέων</span> <span class='ocrx_word' id='word_1_220' title='bbox 939 3106 1050 3171; x_wconf 69' lang='lat' dir='ltr'>texero:</span> <span class='ocrx_word' id='word_1_221' title='bbox 1080 3104 1115 3159; x_wconf 90' lang='lat' dir='ltr'>cf.</span> <span class='ocrx_word' id='word_1_222' title='bbox 1135 3104 1233 3172; x_wconf 89' lang='lat' dir='ltr'>Pomp.</span> <span class='ocrx_word' id='word_1_223' title='bbox 1252 3102 1327 3158; x_wconf 85' lang='lat' dir='ltr'>Mela</span> <span class='ocrx_word' id='word_1_224' title='bbox 1344 3101 1414 3154; x_wconf 77' lang='lat'>1115</span> 
     </span>
     <span class='ocr_line' id='line_1_28' title="bbox 219 3189 1415 3265; baseline -0.003 -21"><span class='ocrx_word' id='word_1_225' title='bbox 219 3203 221 3209; x_wconf 86' lang='lat'>·</span> <span class='ocrx_word' id='word_1_226' title='bbox 249 3190 310 3245; x_wconf 86' lang='lat' dir='ltr'>‘ubi</span> <span class='ocrx_word' id='word_1_227' title='bbox 329 3191 388 3247; x_wconf 90' lang='lat' dir='ltr'>eos&#39;</span> <span class='ocrx_word' id='word_1_228' title='bbox 415 3191 633 3265; x_wconf 86' lang='lat' dir='ltr'>[Hyperboreos]</span> <span class='ocrx_word' id='word_1_229' title='bbox 660 3192 747 3248; x_wconf 83' lang='lat' dir='ltr'>‘vitae</span> <span class='ocrx_word' id='word_1_230' title='bbox 767 3193 882 3248; x_wconf 85' lang='lat' dir='ltr'>satietas</span> <span class='ocrx_word' id='word_1_231' title='bbox 901 3236 907 3249; x_wconf 93' lang='lat'>.</span> <span class='ocrx_word' id='word_1_232' title='bbox 925 3236 953 3249; x_wconf 92' lang='lat'>..</span> <span class='ocrx_word' id='word_1_233' title='bbox 973 3194 1049 3264; x_wconf 90' lang='lat' dir='ltr'>cepit</span> <span class='ocrx_word' id='word_1_234' title='bbox 1070 3193 1174 3247; x_wconf 86' lang='lat' dir='ltr'>hilares</span> <span class='ocrx_word' id='word_1_235' title='bbox 1197 3191 1320 3246; x_wconf 85' lang='lat' dir='ltr'>redimiti</span> <span class='ocrx_word' id='word_1_236' title='bbox 1339 3189 1415 3245; x_wconf 86' lang='lat' dir='ltr'>sertis</span> 
     </span>
     <span class='ocr_line' id='line_1_29' title="bbox 246 3275 1411 3351; baseline -0.003 -16"><span class='ocrx_word' id='word_1_237' title='bbox 246 3284 324 3335; x_wconf 83' lang='lat' dir='ltr'>semet</span> <span class='ocrx_word' id='word_1_238' title='bbox 342 3281 398 3349; x_wconf 78' lang='lat' dir='ltr'>ipsi</span> <span class='ocrx_word' id='word_1_239' title='bbox 416 3282 447 3335; x_wconf 76' lang='lat' dir='ltr'>ia</span> <span class='ocrx_word' id='word_1_240' title='bbox 466 3280 583 3351; x_wconf 63' lang='lat' dir='ltr'>petasus</span> <span class='ocrx_word' id='word_1_241' title='bbox 601 3298 634 3337; x_wconf 83' lang='lat' dir='ltr'>ea</span> <span class='ocrx_word' id='word_1_242' title='bbox 652 3287 724 3337; x_wconf 76' lang='lat' dir='ltr'>certa</span> <span class='ocrx_word' id='word_1_243' title='bbox 743 3298 812 3350; x_wconf 78' lang='lat' dir='ltr'>rape</span> <span class='ocrx_word' id='word_1_244' title='bbox 825 3283 992 3351; x_wconf 77' lang='lat' dir='ltr'>praecipites</span> <span class='ocrx_word' id='word_1_245' title='bbox 1010 3281 1105 3337; x_wconf 82' lang='lat' dir='ltr'>daat&#39;:</span> <span class='ocrx_word' id='word_1_246' title='bbox 1130 3280 1230 3349; x_wconf 89' lang='lat' dir='ltr'>Rohd.,</span> <span class='ocrx_word' id='word_1_247' title='bbox 1251 3279 1303 3349; x_wconf 82' lang='lat' dir='ltr'>‘gn</span> <span class='ocrx_word' id='word_1_248' title='bbox 1323 3275 1411 3334; x_wconf 81' lang='lat' dir='ltr'>Itom’</span> 
     </span>
     <span class='ocr_line' id='line_1_30' title="bbox 247 3368 1414 3440; baseline -0.003 -18"><span class='ocrx_word' id='word_1_249' title='bbox 247 3387 274 3438; x_wconf 91' lang='lat' dir='ltr'>p.</span> <span class='ocrx_word' id='word_1_250' title='bbox 298 3374 374 3438; x_wconf 80' lang='lat'><strong>280);</strong></span> <span class='ocrx_word' id='word_1_251' title='bbox 402 3368 698 3440; x_wconf 85' lang='lat' dir='ltr'>Pseudodiogenianea</span> <span class='ocrx_word' id='word_1_252' title='bbox 726 3370 826 3424; x_wconf 85' lang='lat' dir='ltr'>comici</span> <span class='ocrx_word' id='word_1_253' title='bbox 850 3372 952 3439; x_wconf 83' lang='lat' dir='ltr'>poetae</span> <span class='ocrx_word' id='word_1_254' title='bbox 974 3369 1085 3425; x_wconf 87' lang='lat' dir='ltr'>videtur</span> <span class='ocrx_word' id='word_1_255' title='bbox 1108 3370 1145 3424; x_wconf 83' lang='lat' dir='ltr'>ad</span> <span class='ocrx_word' id='word_1_256' title='bbox 1169 3368 1318 3423; x_wconf 88' lang='lat' dir='ltr'>ridiculum</span> <span class='ocrx_word' id='word_1_257' title='bbox 1341 3368 1414 3422; x_wconf 89' lang='lat' dir='ltr'>illam</span> 
     </span>
     <span class='ocr_line' id='line_1_31' title="bbox 248 3458 1413 3528; baseline -0.004 -15"><span class='ocrx_word' id='word_1_258' title='bbox 248 3460 443 3527; x_wconf 84' lang='lat' dir='ltr'>argumentum</span> <span class='ocrx_word' id='word_1_259' title='bbox 456 3459 664 3528; x_wconf 78' lang='lat' dir='ltr'>transferentis3</span> <span class='ocrx_word' id='word_1_260' title='bbox 681 3476 748 3515; x_wconf 83' lang='lat' dir='ltr'>nam</span> <span class='ocrx_word' id='word_1_261' title='bbox 763 3461 900 3527; x_wconf 77' lang='grc' dir='ltr'>ειωτάλην</span> <span class='ocrx_word' id='word_1_262' title='bbox 913 3460 950 3515; x_wconf 84' lang='lat' dir='ltr'>ad</span> <span class='ocrx_word' id='word_1_263' title='bbox 965 3458 1113 3515; x_wconf 83' lang='lat' dir='ltr'>sollemnia</span> <span class='ocrx_word' id='word_1_264' title='bbox 1126 3458 1289 3513; x_wconf 84' lang='lat' dir='ltr'>comoediae</span> <span class='ocrx_word' id='word_1_265' title='bbox 1303 3459 1413 3513; x_wconf 87' lang='lat' dir='ltr'>verbera</span> 
     </span>
     <span class='ocr_line' id='line_1_32' title="bbox 248 3545 1413 3617; baseline 0 -18"><span class='ocrx_word' id='word_1_266' title='bbox 248 3546 442 3616; x_wconf 83' lang='lat' dir='ltr'>(translations</span> <span class='ocrx_word' id='word_1_267' title='bbox 456 3564 513 3602; x_wconf 92' lang='lat' dir='ltr'>non</span> <span class='ocrx_word' id='word_1_268' title='bbox 522 3549 614 3603; x_wconf 89' lang='lat' dir='ltr'>minus</span> <span class='ocrx_word' id='word_1_269' title='bbox 629 3547 730 3603; x_wconf 86' lang='lat' dir='ltr'>audaci</span> <span class='ocrx_word' id='word_1_270' title='bbox 740 3566 805 3603; x_wconf 87' lang='lat' dir='ltr'>usus</span> <span class='ocrx_word' id='word_1_271' title='bbox 816 3552 859 3603; x_wconf 90' lang='lat' dir='ltr'>est</span> <span class='ocrx_word' id='word_1_272' title='bbox 868 3549 994 3605; x_wconf 77' lang='lat' dir='ltr'>Herodes</span> <span class='ocrx_word' id='word_1_273' title='bbox 1006 3549 1039 3603; x_wconf 85' lang='lat' dir='ltr'>fr.</span> <span class='ocrx_word' id='word_1_274' title='bbox 1052 3554 1084 3605; x_wconf 90' lang='lat'>10</span> <span class='ocrx_word' id='word_1_275' title='bbox 1099 3548 1162 3617; x_wconf 76' lang='lat' dir='ltr'>lyrr.</span> <span class='ocrx_word' id='word_1_276' title='bbox 1177 3546 1204 3601; x_wconf 87' lang='grc' dir='ltr'><strong>Π</strong></span> <span class='ocrx_word' id='word_1_277' title='bbox 1216 3566 1243 3617; x_wconf 92' lang='lat' dir='ltr'>p.</span> <span class='ocrx_word' id='word_1_278' title='bbox 1255 3545 1386 3616; x_wconf 77' lang='lat' dir='ltr'>511ng.</span> <span class='ocrx_word' id='word_1_279' title='bbox 1399 3549 1413 3594; x_wconf 80' lang='grc'>4</span> 
     </span>
     <span class='ocr_line' id='line_1_33' title="bbox 248 3634 1412 3708; baseline -0.003 -20"><span class='ocrx_word' id='word_1_280' title='bbox 248 3635 271 3689; x_wconf 87' lang='lat' dir='ltr'>si</span> <span class='ocrx_word' id='word_1_281' title='bbox 285 3653 351 3690; x_wconf 89' lang='lat' dir='ltr'>vera</span> <span class='ocrx_word' id='word_1_282' title='bbox 366 3639 409 3691; x_wconf 89' lang='lat' dir='ltr'>cst</span> <span class='ocrx_word' id='word_1_283' title='bbox 422 3637 517 3705; x_wconf 87' lang='lat' dir='ltr'>lectio)</span> <span class='ocrx_word' id='word_1_284' title='bbox 532 3641 659 3707; x_wconf 84' lang='lat' dir='ltr'>spectare</span> <span class='ocrx_word' id='word_1_285' title='bbox 673 3639 799 3708; x_wconf 87' lang='lat' dir='ltr'>apparet.</span> <span class='ocrx_word' id='word_1_286' title='bbox 823 3636 912 3692; x_wconf 88' lang='lat' dir='ltr'>Facili</span> <span class='ocrx_word' id='word_1_287' title='bbox 925 3638 1040 3707; x_wconf 80' lang='lat' dir='ltr'>negotio</span> <span class='ocrx_word' id='word_1_288' title='bbox 1049 3636 1176 3691; x_wconf 88' lang='lat' dir='ltr'>trimeter</span> <span class='ocrx_word' id='word_1_289' title='bbox 1186 3635 1342 3692; x_wconf 88' lang='lat' dir='ltr'>restituitur</span> <span class='ocrx_word' id='word_1_290' title='bbox 1351 3634 1412 3689; x_wconf 86' lang='grc' dir='ltr'>Ἀπὸ</span> 
     </span>
     <span class='ocr_line' id='line_1_34' title="bbox 246 3720 1412 3799; baseline -0.003 -22"><span class='ocrx_word' id='word_1_291' title='bbox 246 3725 329 3778; x_wconf 83' lang='grc' dir='ltr'>πένθ’</span> <span class='ocrx_word' id='word_1_292' title='bbox 348 3726 456 3779; x_wconf 81' lang='grc' dir='ltr'>ἁλέτθαι</span> <span class='ocrx_word' id='word_1_293' title='bbox 473 3727 648 3795; x_wconf 70' lang='grc' dir='ltr'>(ἁλόμενοεῖ)</span> <span class='ocrx_word' id='word_1_294' title='bbox 667 3724 768 3799; x_wconf 78' lang='grc' dir='ltr'>(τῶν)</span> <span class='ocrx_word' id='word_1_295' title='bbox 781 3732 893 3794; x_wconf 81' lang='grc' dir='ltr'>πετρῶν</span> <span class='ocrx_word' id='word_1_296' title='bbox 907 3726 945 3782; x_wconf 79' lang='grc' dir='ltr'>εἰ(</span> <span class='ocrx_word' id='word_1_297' title='bbox 959 3725 1120 3781; x_wconf 79' lang='grc' dir='ltr'>(κυταλίοαε</span> <span class='ocrx_word' id='word_1_298' title='bbox 1133 3728 1194 3795; x_wconf 89' lang='lat' dir='ltr'>(pro</span> <span class='ocrx_word' id='word_1_299' title='bbox 1209 3726 1335 3794; x_wconf 85' lang='grc' dir='ltr'>κύματα).</span> <span class='ocrx_word' id='word_1_300' title='bbox 1363 3720 1412 3777; x_wconf 85' lang='lat' dir='ltr'>Sed</span> 
     </span>
     <span class='ocr_line' id='line_1_35' title="bbox 218 3812 1411 3883; baseline -0.002 -16"><span class='ocrx_word' id='word_1_301' title='bbox 218 3856 220 3859; x_wconf 90' lang='lat'>.</span> <span class='ocrx_word' id='word_1_302' title='bbox 248 3828 320 3882; x_wconf 88' lang='lat' dir='ltr'>quae</span> <span class='ocrx_word' id='word_1_303' title='bbox 340 3816 404 3869; x_wconf 87' lang='lat' dir='ltr'>sunt</span> <span class='ocrx_word' id='word_1_304' title='bbox 421 3814 504 3870; x_wconf 88' lang='grc' dir='ltr'>πέντε</span> <span class='ocrx_word' id='word_1_305' title='bbox 518 3814 584 3871; x_wconf 89' lang='lat' dir='ltr'>illas</span> <span class='ocrx_word' id='word_1_306' title='bbox 602 3816 718 3883; x_wconf 75' lang='lat' dir='ltr'>utrpcu?</span> <span class='ocrx_word' id='word_1_307' title='bbox 739 3814 820 3870; x_wconf 87' lang='lat' dir='ltr'>Certe</span> <span class='ocrx_word' id='word_1_308' title='bbox 837 3815 910 3871; x_wconf 91' lang='lat' dir='ltr'>nihil</span> <span class='ocrx_word' id='word_1_309' title='bbox 928 3815 1106 3882; x_wconf 69' lang='lat' dir='ltr'>mutandum</span> <span class='ocrx_word' id='word_1_310' title='bbox 1124 3830 1190 3868; x_wconf 88' lang='lat' dir='ltr'>nam</span> <span class='ocrx_word' id='word_1_311' title='bbox 1209 3812 1300 3867; x_wconf 89' lang='lat' dir='ltr'>simile</span> <span class='ocrx_word' id='word_1_312' title='bbox 1319 3828 1411 3867; x_wconf 89' lang='lat' dir='ltr'>nornen</span> 
     </span>
     <span class='ocr_line' id='line_1_36' title="bbox 252 3902 1411 3974; baseline -0.004 -17"><span class='ocrx_word' id='word_1_313' title='bbox 252 3904 342 3957; x_wconf 83' lang='lat' dir='ltr'>exstat</span> <span class='ocrx_word' id='word_1_314' title='bbox 365 3903 461 3957; x_wconf 89' lang='lat' dir='ltr'>Athen</span> <span class='ocrx_word' id='word_1_315' title='bbox 481 3903 545 3959; x_wconf 81' lang='lat'>131</span> <span class='ocrx_word' id='word_1_316' title='bbox 574 3905 692 3971; x_wconf 87' lang='grc' dir='ltr'>Ἀλκμάν</span> <span class='ocrx_word' id='word_1_317' title='bbox 716 3922 771 3958; x_wconf 87' lang='grc' dir='ltr'>που</span> <span class='ocrx_word' id='word_1_318' title='bbox 795 3905 838 3973; x_wconf 81' lang='lat' dir='ltr'>(ir.</span> <span class='ocrx_word' id='word_1_319' title='bbox 861 3911 910 3959; x_wconf 83' lang='grc'>117</span> <span class='ocrx_word' id='word_1_320' title='bbox 929 3906 969 3958; x_wconf 90' lang='grc' dir='ltr'>ΙΙΙ</span> <span class='ocrx_word' id='word_1_321' title='bbox 988 3924 1014 3974; x_wconf 84' lang='grc' dir='ltr'>ρ.</span> <span class='ocrx_word' id='word_1_322' title='bbox 1035 3911 1069 3959; x_wconf 78' lang='grc'>70</span> <span class='ocrx_word' id='word_1_323' title='bbox 1089 3902 1174 3973; x_wconf 65' lang='lat' dir='ltr'>agn)</span> <span class='ocrx_word' id='word_1_324' title='bbox 1193 3904 1302 3970; x_wconf 87' lang='grc' dir='ltr'>ἄπυρον</span> <span class='ocrx_word' id='word_1_325' title='bbox 1322 3903 1411 3956; x_wconf 76' lang='grc' dir='ltr'>οἶνον</span> 
     </span>
     <span class='ocr_line' id='line_1_37' title="bbox 248 3991 1411 4062; baseline -0.001 -17"><span class='ocrx_word' id='word_1_326' title='bbox 248 3994 292 4051; x_wconf 84' lang='grc' dir='ltr'>καί</span> <span class='ocrx_word' id='word_1_327' title='bbox 317 3993 416 4046; x_wconf 82' lang='grc' dir='ltr'>ἄνθεοε</span> <span class='ocrx_word' id='word_1_328' title='bbox 439 3994 555 4047; x_wconf 80' lang='grc' dir='ltr'>ὄτδοντά</span> <span class='ocrx_word' id='word_1_329' title='bbox 579 4009 645 4061; x_wconf 84' lang='grc' dir='ltr'>φηει</span> <span class='ocrx_word' id='word_1_330' title='bbox 668 3993 719 4046; x_wconf 89' lang='grc' dir='ltr'>τὸν</span> <span class='ocrx_word' id='word_1_331' title='bbox 738 3994 769 4046; x_wconf 84' lang='grc' dir='ltr'>ἐκ</span> <span class='ocrx_word' id='word_1_332' title='bbox 786 3994 895 4048; x_wconf 90' lang='grc' dir='ltr'>Πέντε</span> <span class='ocrx_word' id='word_1_333' title='bbox 913 3994 1042 4062; x_wconf 82' lang='grc' dir='ltr'>λόφων,</span> <span class='ocrx_word' id='word_1_334' title='bbox 1067 3994 1098 4046; x_wconf 82' lang='lat' dir='ltr'>dc</span> <span class='ocrx_word' id='word_1_335' title='bbox 1116 3994 1171 4047; x_wconf 80' lang='grc' dir='ltr'>έετι</span> <span class='ocrx_word' id='word_1_336' title='bbox 1188 3993 1275 4046; x_wconf 81' lang='grc' dir='ltr'>τόποε</span> <span class='ocrx_word' id='word_1_337' title='bbox 1293 3991 1411 4058; x_wconf 67' lang='lat' dir='ltr'>(adorus</span> 
     </span>
     <span class='ocr_line' id='line_1_38' title="bbox 249 4080 1411 4151; baseline -0.002 -18"><span class='ocrx_word' id='word_1_338' title='bbox 249 4081 360 4146; x_wconf 87' lang='grc' dir='ltr'>ἀπέχων</span> <span class='ocrx_word' id='word_1_339' title='bbox 380 4082 475 4135; x_wconf 85' lang='grc' dir='ltr'>ετάδια</span> <span class='ocrx_word' id='word_1_340' title='bbox 494 4082 564 4136; x_wconf 85' lang='grc' dir='ltr'>ἑπτὰ</span> <span class='ocrx_word' id='word_1_341' title='bbox 579 4085 636 4137; x_wconf 86' lang='grc' dir='ltr'><strong>κτλ.</strong></span> <span class='ocrx_word' id='word_1_342' title='bbox 671 4080 744 4151; x_wconf 58' lang='lat' dir='ltr'>osia</span> <span class='ocrx_word' id='word_1_343' title='bbox 762 4081 857 4151; x_wconf 86' lang='lat' dir='ltr'>igitur,</span> <span class='ocrx_word' id='word_1_344' title='bbox 872 4082 896 4136; x_wconf 88' lang='lat' dir='ltr'>si</span> <span class='ocrx_word' id='word_1_345' title='bbox 909 4084 992 4138; x_wconf 88' lang='grc' dir='ltr'>πέντε</span> <span class='ocrx_word' id='word_1_346' title='bbox 1005 4084 1104 4149; x_wconf 88' lang='grc' dir='ltr'>πέτραι</span> <span class='ocrx_word' id='word_1_347' title='bbox 1122 4080 1236 4135; x_wconf 82' lang='lat' dir='ltr'>eaedem</span> <span class='ocrx_word' id='word_1_348' title='bbox 1251 4082 1317 4134; x_wconf 87' lang='lat' dir='ltr'>sunt</span> <span class='ocrx_word' id='word_1_349' title='bbox 1333 4082 1411 4147; x_wconf 86' lang='lat' dir='ltr'>atquc</span> 
     </span>
     <span class='ocr_line' id='line_1_39' title="bbox 246 4169 1409 4240; baseline -0.003 -17"><span class='ocrx_word' id='word_1_350' title='bbox 246 4170 337 4223; x_wconf 86' lang='grc' dir='ltr'>Πέντε</span> <span class='ocrx_word' id='word_1_351' title='bbox 362 4170 445 4238; x_wconf 86' lang='grc' dir='ltr'>λόφοι</span> <span class='ocrx_word' id='word_1_352' title='bbox 468 4172 583 4239; x_wconf 85' lang='lat' dir='ltr'>propter</span> <span class='ocrx_word' id='word_1_353' title='bbox 605 4169 701 4225; x_wconf 87' lang='lat' dir='ltr'>vinum</span> <span class='ocrx_word' id='word_1_354' title='bbox 725 4169 834 4225; x_wconf 91' lang='lat' dir='ltr'>nobiles</span> <span class='ocrx_word' id='word_1_355' title='bbox 857 4172 972 4240; x_wconf 87' lang='lat' dir='ltr'>totoque</span> <span class='ocrx_word' id='word_1_356' title='bbox 997 4170 1136 4225; x_wconf 79' lang='lat' dir='ltr'>versiculo</span> <span class='ocrx_word' id='word_1_357' title='bbox 1163 4169 1239 4224; x_wconf 83' lang='lat' dir='ltr'>rixae</span> <span class='ocrx_word' id='word_1_358' title='bbox 1266 4169 1333 4238; x_wconf 90' lang='lat' dir='ltr'>post</span> <span class='ocrx_word' id='word_1_359' title='bbox 1354 4184 1409 4221; x_wconf 90' lang='lat' dir='ltr'>con·</span> 
     </span>
     <span class='ocr_line' id='line_1_40' title="bbox 246 4252 1409 4337; baseline -0.007 -24"><span class='ocrx_word' id='word_1_360' title='bbox 246 4258 355 4313; x_wconf 87' lang='lat' dir='ltr'>vivinm</span> <span class='ocrx_word' id='word_1_361' title='bbox 374 4261 461 4328; x_wconf 87' lang='lat' dir='ltr'>ortae,</span> <span class='ocrx_word' id='word_1_362' title='bbox 481 4260 513 4337; x_wconf 82' lang='lat' dir='ltr'>ut</span> <span class='ocrx_word' id='word_1_363' title='bbox 531 4259 561 4313; x_wconf 92' lang='lat' dir='ltr'>in</span> <span class='ocrx_word' id='word_1_364' title='bbox 579 4256 612 4312; x_wconf 83' lang='lat' dir='ltr'>fr.</span> <span class='ocrx_word' id='word_1_365' title='bbox 628 4258 788 4329; x_wconf 78' lang='lat' dir='ltr'>Epicharin.</span> <span class='ocrx_word' id='word_1_366' title='bbox 804 4265 837 4313; x_wconf 83' lang='lat'>99</span> <span class='ocrx_word' id='word_1_367' title='bbox 852 4260 918 4313; x_wconf 87' lang='lat' dir='ltr'>Ahr.</span> <span class='ocrx_word' id='word_1_368' title='bbox 937 4260 1031 4329; x_wconf 89' lang='lat' dir='ltr'>lepide</span> <span class='ocrx_word' id='word_1_369' title='bbox 1045 4258 1251 4329; x_wconf 82' lang='lat' dir='ltr'>significantur?</span> <span class='ocrx_word' id='word_1_370' title='bbox 1265 4288 1299 4297; x_wconf 93' lang='lat'><em>-</em></span> <span class='ocrx_word' id='word_1_371' title='bbox 1314 4252 1409 4312; x_wconf 81' lang='lat' dir='ltr'>Comici</span> 
     </span>
     <span class='ocr_line' id='line_1_41' title="bbox 246 4345 1358 4417; baseline -0.003 -15"><span class='ocrx_word' id='word_1_372' title='bbox 246 4349 348 4416; x_wconf 87' lang='lat' dir='ltr'>poetae</span> <span class='ocrx_word' id='word_1_373' title='bbox 366 4347 483 4402; x_wconf 86' lang='lat' dir='ltr'>fortasse</span> <span class='ocrx_word' id='word_1_374' title='bbox 503 4347 590 4401; x_wconf 89' lang='lat' dir='ltr'>etiam</span> <span class='ocrx_word' id='word_1_375' title='bbox 608 4346 647 4399; x_wconf 88' lang='lat' dir='ltr'>HI</span> <span class='ocrx_word' id='word_1_376' title='bbox 666 4352 708 4417; x_wconf 81' lang='lat'>95,</span> <span class='ocrx_word' id='word_1_377' title='bbox 728 4348 752 4402; x_wconf 91' lang='lat' dir='ltr'>si</span> <span class='ocrx_word' id='word_1_378' title='bbox 770 4350 904 4415; x_wconf 70' lang='grc' dir='ltr'>ψιττακὸς</span> <span class='ocrx_word' id='word_1_379' title='bbox 923 4350 948 4401; x_wconf 75' lang='grc' dir='ltr'>εἰ</span> <span class='ocrx_word' id='word_1_380' title='bbox 965 4366 1007 4402; x_wconf 79' lang='grc' dir='ltr'>τι(</span> <span class='ocrx_word' id='word_1_381' title='bbox 1025 4349 1134 4402; x_wconf 85' lang='grc' dir='ltr'>Ἰνδικότ</span> <span class='ocrx_word' id='word_1_382' title='bbox 1150 4350 1225 4403; x_wconf 87' lang='lat' dir='ltr'>recte</span> <span class='ocrx_word' id='word_1_383' title='bbox 1243 4345 1358 4402; x_wconf 84' lang='lat' dir='ltr'>conieci.</span> 
     </span>
    </p>

    <p class='ocr_par' dir='ltr' id='par_1_8' title="bbox 318 4435 1123 4507">
     <span class='ocr_line' id='line_1_42' title="bbox 318 4435 1123 4507; baseline 0.001 -16"><span class='ocrx_word' id='word_1_384' title='bbox 318 4438 346 4506; x_wconf 86' lang='lat'>3)</span> <span class='ocrx_word' id='word_1_385' title='bbox 366 4435 405 4493; x_wconf 84' lang='lat' dir='ltr'>Of.</span> <span class='ocrx_word' id='word_1_386' title='bbox 426 4437 607 4492; x_wconf 86' lang='lat' dir='ltr'>Leutschium</span> <span class='ocrx_word' id='word_1_387' title='bbox 628 4436 717 4494; x_wconf 56' lang='grc' dir='ltr'>τ(11111.</span> <span class='ocrx_word' id='word_1_388' title='bbox 737 4438 791 4507; x_wconf 81' lang='lat' dir='ltr'>gel.</span> <span class='ocrx_word' id='word_1_389' title='bbox 810 4436 888 4491; x_wconf 81' lang='lat' dir='ltr'>Ann’</span> <span class='ocrx_word' id='word_1_390' title='bbox 911 4442 980 4492; x_wconf 80' lang='lat'>1846</span> <span class='ocrx_word' id='word_1_391' title='bbox 999 4456 1025 4507; x_wconf 92' lang='lat' dir='ltr'>p.</span> <span class='ocrx_word' id='word_1_392' title='bbox 1047 4443 1123 4492; x_wconf 79' lang='lat'>1402.</span> 
     </span>
    </p>
   </div>
   <div class='ocr_carea' id='block_1_6' title="bbox 0 0 1468 5050">
    <p class='ocr_par' dir='ltr' id='par_1_9' title="bbox 0 0 1468 5050">
     <span class='ocr_line' id='line_1_43' title="bbox 0 0 1468 5050; baseline 0 1"><span class='ocrx_word' id='word_1_393' title='bbox 0 0 1468 5050; x_wconf 95' lang='lat' dir='ltr'> </span> 
     </span>
    </p>
   </div>
  </div>
 </body>
</html>
