2925 5050
714 265 930 329 ..68-

426 444 459 507 Μ
482 467 513 528 p,
537 443 600 508 381
851 421 956 487 Schol.
971 421 1071 485 Paris.
1086 420 1149 485 vol.
1167 419 1216 483 IV
1234 441 1262 502 p.
1280 420 1318 484 68
1333 419 1381 483 lac.

275 568 399 632 Ἀμαξα
416 567 478 623 τὸν,
493 569 573 631 βοῦν
589 565 729 631 ἐκφέρει
745 565 796 632 (ἕλ-
894 560 937 581 ²²
957 528 1090 592 Bfflhffi
1114 547 1164 590 Μ’
1187 526 1221 589 Π
1242 549 1271 610 Ρ·
1293 527 1348 590 338

237 674 277 710 κει
299 654 381 725 Diog.
407 653 483 709 GOM
508 652 528 706 O
552 652 641 720 Suid.)
670 653 714 705 έπί
738 656 796 705 τῶν
821 702 825 746 Ι
886 653 945 705 ἄνω
964 655 1098 716 ποταμῶν
1112 654 1233 716 χωροῦει
1241 647 1331 715 πηγαί,
1343 651 1384 713 καὶ,

238 744 350 798 ἐναντία
367 750 426 798 τῶν
441 745 565 797 δεόντων
579 744 738 796 ποιούντων
752 743 796 794 καὶ
850 743 867 807 ἡ
887 742 994 806 ἅμαξα
1012 741 1072 793 τὸν
1091 743 1172 805 βοῦν
1191 739 1331 804 ἐκφέρει.
1355 738 1385 788 λέ-

236 834 441 901 ὑπερτιθέντων
454 838 514 886 τῶν
528 834 662 899 μειζόνων
670 831 704 884 τὸ
719 832 796 884 ἔλατ·
849 847 927 894 γεται
951 831 1036 896 ἄμφω
1060 830 1104 881 ἐπὶ
1127 833 1186 880 τῶν
1209 828 1284 894 παρὰ
1305 828 1385 893 ptus

235 940 286 976 τον
297 923 507 988 καίτήντάξιν
523 922 795 988 ἀνατρεπόντων.
850 919 1130 985 ἀνεετραμμένων
1144 919 1206 983 τὴν
1220 917 1324 970 τάξιν·
1335 918 1387 967 οὔτε

168 1033 171 1037 ·
237 1013 269 1065 Ὁ
284 1013 405 1078 νεβρὸ(
419 1013 478 1064 τὸν
493 1011 620 1064 λέοντα.
638 1011 695 1063 Καὶ
710 1011 795 1074 αὕτη
849 1010 973 1075 γὰρτοῖ(
984 1012 1120 1071 ποταμοῑ(
1134 1007 1193 1059 ἄνω
1204 1008 1249 1067 aul
1264 1007 1329 1058 κατὰ
1341 1009 1386 1056 τῶν

236 1100 318 1167 ὁμοία
345 1106 380 1169 τῇ
405 1100 539 1167 ἀνωτέρω
562 1097 694 1167 παροιμίᾳ
718 1099 796 1151 ἀνα·
849 1101 949 1162 πηγῶν
977 1096 1106 1162 φέρεεθαι
1134 1095 1214 1162 φύ(ι(
1240 1095 1275 1146 τὸ
1296 1096 1387 1161 ῥεῶρον

236 1191 388 1256 (τροφὴν
425 1193 577 1256 φυεικῶν
614 1187 795 1255 εἰ(ηγουμένῃ
852 1226 990 1239 ......
1011 1182 1092 1250 ὁμοία
1111 1184 1142 1236 δέ
1159 1185 1271 1236 τούτων
1284 1183 1335 1236 έττλ
1347 1184 1387 1233 καλ
1432 1246 1433 1252 ¹

235 1280 311 1345 παρὰ
328 1280 362 1332 τὸ
381 1281 520 1345 προεῆκον
538 1277 718 1344 πραγμάτων.
850 1276 943 1340 udan·
963 1274 979 1325 ὁ
998 1273 1118 1340 νεβρὸ(
1136 1273 1195 1325 τὸν
1213 1273 1338 1326 λέοντα.
1433 1284 1434 1349 l

326 1403 451 1469 Ultimo
475 1403 625 1469 hocloco
645 1403 750 1468 omnis
769 1402 898 1468 tollitur
916 1401 1090 1488 dubitatio;
1112 1422 1188 1464 nam
1209 1401 1306 1465 etiam
1324 1421 1388 1484 quae

237 1511 354 1576 desunt
375 1511 410 1576 in
428 1510 463 1574 M
481 1509 549 1576 ἄνω
573 1515 726 1590 ποταμῶν
750 1514 814 1576 κτλ.
833 1511 868 1574 in
890 1509 1067 1594 exemplari
1090 1530 1148 1574 suo
1172 1507 1388 1572 diasceuastam
1433 1522 1434 1551 ³

236 1613 354 1702 legisse
384 1618 501 1683 vocula
524 1619 575 1682 καὶ
598 1617 662 1702 (καὶ
687 1619 766 1697 αὕτη
790 1613 899 1701 ὁμοία)
928 1616 1037 1699 arguit
1063 1614 1247 1680 inconsulto
1271 1617 1389 1679 servata.

235 1723 346 1789 Unum
369 1724 455 1809 quod
479 1729 626 1809 superest
649 1727 743 1805 μήπω
767 1723 840 1804 μέγ’
869 1723 960 1807 εἴπῃ(
990 1725 1065 1802 πρὶν
1088 1720 1309 1802 τελεοτή(αντ’
1334 1720 1390 1802 ἴδῃ(

235 1831 454 1915 fragmentum
488 1830 704 1916 Sophocleum
736 1831 816 1915 (596
844 1828 982 1915 Nauck.)
1011 1853 1030 1893 a
1059 1829 1214 1911 sabaeo,
1247 1827 1389 1913 Gregorio

238 1939 454 2024 Nazianzeno‚
473 1939 545 2004 aliis
561 1943 724 2004 servatum
740 1961 778 2002 ex
792 1938 891 2002 simili
905 1937 997 2002 fonte
1012 1958 1221 2020 promanasse
1236 1933 1390 2019 probabile

236 2048 295 2131 est,
318 2046 395 2112 licet
418 2047 640 2112 demonstrare
662 2069 728 2112 non
751 2045 882 2129 possim.
1435 2038 1436 2061 ²

323 2168 393 2235 lam
416 2170 491 2235 inde
515 2193 534 2234 a
557 2193 586 2254 p.
606 2169 873 2249 assuesceres
893 2160 1043 2235 univer'sa
1066 2169 1278 2234 conlectionis
1301 2168 1393 2233 forma
1436 2200 1438 2285 q

236 2276 424 2360 speciesque
447 2277 566 2341 iterum
589 2280 743 2342 mutatur.
789 2274 974 2360 Sequuntur
996 2277 1082 2340 enim
1105 2277 1268 2361 usquead
1292 2299 1322 2360 p.
1338 2274 1393 2339 384
1436 2288 1437 2339 ἒ

236 2383 393 2448 lemmata
415 2384 458 2447 23
482 2383 568 2448 haud
591 2384 710 2469 ubique
734 2384 814 2448 satis
839 2388 986 2449 accurate
1015 2383 1220 2469 disposisa31)
1249 2383 1394 2466 incipiunt
1436 2366 1437 2369 Ἴ

237 2489 400 2554 alitteris
424 2496 445 2554 ᾱ
468 2492 500 2555 et
524 2476 554 2576 β’,
586 2491 802 2557 terminantur
834 2493 945 2576 glossa
979 2495 1188 2574 βουκολήεειε.
1237 2489 1438 2564 Nonnulla-l

235 2596 270 2661 in
294 2597 339 2661 eis
362 2596 474 2662 insunt
498 2620 579 2683 quae
603 2598 777 2684 proverbia
800 2600 934 2664 omnino
959 2600 1022 2664 dici
1044 2621 1110 2664 non
1134 2599 1276 2683 possint,
1305 2598 1392 2661 immo

236 2706 375 2781 γλῶτται
399 2705 451 2769 vel
475 2706 587 2790 λέξεως
617 2727 676 2770 nec
705 2727 803 2770 causa
826 2705 921 2770 huius
949 2706 997 2770 rei
1024 2707 1119 2791 latet,
1151 2728 1227 2769 nam
1256 2708 1394 2786 excerpta

234 2810 383 2876 uidentur
420 2833 437 2874 e
469 2812 572 2876 lexico
600 2811 716 2876 Suidse
744 2812 796 2877 vel
825 2809 941 2877 Suidae
970 2811 1110 2897 simili.²)
1159 2811 1305 2876 Melioris
1332 2810 1394 2873 doc·

234 2918 340 2983 trinae
363 2939 465 2983 novas
489 2918 642 3002 reliquias
665 2919 700 2983 in
724 2919 770 2983 eis
793 2941 859 2984 non
881 2920 1025 2985 invenies
1047 2922 1177 3002 praeter
1199 2940 1298 2981 unum
1320 2916 1394 2979 hunc

234 3024 341 3090 locum
362 3024 441 3089 satis
459 3026 637 3109 pretiosum
657 3029 755 3110 atque
774 3027 832 3091 uni
849 3025 986 3091 Erasmo
1005 3021 1164 3109 notum:³)
1192 3026 1394 3104 βουκολήεειτ·

239 3132 279 3195 τὰ
302 3132 355 3196 ἐπὶ
382 3132 441 3195 τὸν
470 3137 561 3214 βοῦν,
591 3131 636 3197 iiic
663 3132 717 3198 ἐπὶ
744 3133 782 3195 τὸ
809 3136 960 3197 πλεῖετον
984 3132 1014 3195 οἱ
1037 3129 1293 3209 ὀ(τρακιζόμενοι
1321 3128 1394 3207 neei-

235 3258 349 3303 (παντο
378 3237 423 3303 εἰ(
445 3239 467 3317 †
489 3236 654 3319 Ἀργιναν,
685 3237 764 3304 ἔνθα
791 3239 831 3318 ἦν
861 3242 936 3318 βοῦ(
968 3240 1067 3316 χαλκῆ
1100 3238 1303 3317 παμμεγέθη(
1321 3258 1328 3298 :
1347 3234 1395 3298 ubi

158 3508 162 3513 '
262 3496 266 3503 ’
306 3503 333 3569 1)
351 3499 393 3555 De
411 3501 596 3572 dispositione
610 3502 792 3558 Laurentiani
810 3502 840 3555 in
857 3502 912 3555 fine
931 3502 967 3556 ab
981 3502 1067 3556 Athoi
1085 3501 1195 3556 diversa
1212 3501 1277 3556 vide
1292 3498 1392 3554 Fresen.

234 3610 262 3661 p.
282 3598 298 3645 9
317 3591 380 3645 adn.
401 3598 425 3645 1.
463 3591 518 3657 Qui
540 3590 757 3647 Laurentianum
783 3592 895 3661 scripsit
916 3591 1038 3661 primum
1061 3590 1116 3645 tria
1138 3591 1273 3645 lemmata
1295 3590 1394 3659 (124)

234 3678 338 3746 omisit,
358 3679 458 3734 deinde
477 3679 506 3733 in
521 3680 597 3735 exitu
611 3680 722 3736 adiecit.
754 3679 817 3735 Non
832 3683 907 3735 recte
921 3679 1133 3735 Warnlrrossius
1150 3697 1177 3749 p.
1193 3686 1209 3733 9
1223 3679 1314 3751 ipsum
1328 3680 1393 3731 hunc

235 3767 361 3821 ordinem
380 3768 467 3823 habet
485 3786 535 3838 pro
554 3769 670 3825 veriore.

305 3856 332 3924 2)
352 3856 420 3911 Fere
440 3857 534 3911 omnia
552 3858 588 3911 ad
606 3857 724 3913 verbum
746 3857 930 3926 congruentia
952 3857 1074 3926 reperies
1097 3857 1126 3910 in
1145 3856 1233 3911 Suida
1250 3855 1393 3923 lexicieque

233 3943 367 3999 Beklreri:
398 3960 469 4013 quae
493 3944 628 4013 pleraque
652 3942 803 4013 diligenter
826 3944 972 3999 adnotavit
994 3943 1054 4014 ipse
1072 3944 1172 4000 Miller.
1210 3944 1254 3998 Ad
1278 3947 1394 4012 ἄφλαττα

232 4048 284 4103 pro
306 4032 452 4089 Eustathio
468 4032 502 4086 cl.
517 4032 636 4101 Hesych.
655 4051 676 4087 s.
695 4052 721 4088 v.
736 4034 766 4087 et
778 4033 866 4088 Bekk.
886 4034 980 4088 anecd.
995 4033 1008 4084 Ι
1026 4051 1053 4102 p.
1068 4039 1118 4087 471
1135 4058 1169 4079 ==
1183 4032 1294 4103 Didym.
1309 4032 1393 4087 Schm.

232 4138 259 4190 p.
282 4126 345 4190 181,
370 4124 451 4177 Pane.
471 4123 525 4177 lex.
544 4121 575 4177 fr.
596 4126 629 4176 91
648 4140 675 4191 p.
695 4128 727 4176 61
749 4122 859 4191 Ιλίιιάίλ,
878 4139 961 4191 quem
981 4122 1045 4178 vide
1064 4122 1151 4178 etiam
1169 4124 1206 4177 ad
1225 4124 1394 4191 Ἀδράετειαν

233 4211 276 4279 (fr.
297 4212 349 4280 16),
372 4212 442 4279 ἀρχὴ
464 4210 565 4278 (κυρία
584 4209 626 4278 (fr.
647 4214 700 4279 83),
721 4216 786 4278 βοῦ(
804 4213 835 4265 ἐν
853 4212 934 4283 αὐλίᾳ
952 4212 996 4280 (fr.
1016 4214 1088 4280 100).
1372 4257 1375 4260 .

311 4300 337 4367 3)
356 4298 461 4355 Erasm.
486 4298 557 4355 Chil.
576 4299 616 4353 ΙΙΙ
642 4305 687 4367 10,
706 4304 741 4355 80
767 4298 909 4355 ‘Servabis
933 4302 1045 4357 bovem'
1069 4303 1079 4369 l
1103 4301 1281 4372 ‘bucceliam
1309 4300 1396 4355 idest

230 4389 367 4444 bubulcus
396 4389 458 4443 eris.
500 4387 561 4443 Hoc
590 4388 667 4443 velut
694 4388 853 4459 aenigmate
876 4388 1073 4460 significabant
1095 4390 1217 4445 exilium.
1260 4388 1393 4458 Siquidem
