2925 5050
532 269 837 348 -119-,

217 410 465 516 maffia

99 534 264 602 Ἡρακλέους
284 532 380 589 θυςίαι.
454 558 462 571 «
709 531 813 589 Deesse
831 533 944 589 videtur
962 532 1038 604 apud
1055 531 1196 589 Phoiium.

154 699 182 762 B
204 699 268 763 471
294 728 337 752 ι·-
358 697 386 763 P
408 696 456 762 IV
480 698 523 763 22
835 696 929 764 Pha
952 720 983 781 p.
1007 698 1072 763 266

100 804 242 871 Ἡρακλεία
269 802 361 858 λίθος·
393 804 501 871 ταύτην
533 805 620 858 ένιοι
710 784 871 871 Ἡρακλείαν
887 802 1159 870 λίθον·τινέςτὴν
1174 820 1230 869 μα·

66 898 122 961 τὴν
150 898 317 962 μαγνῆτιν
340 894 448 958 λέγουςι
473 896 528 961 τὴν
550 894 619 947 έπι-
672 892 993 958 γνῆτινάπέδοςανδιᾰ
1006 895 1059 960 τὴν
1071 892 1231 960 Ἡρακλείαν

67 985 237 1051 ςπωμένην
259 983 319 1037 τὸν
347 981 501 1049 ςίδηρον·
540 982 619 1037 οίδέ
672 986 723 1049 τῆς
741 981 914 1049 Μαηνηςίας’
938 982 1006 1037 ἔνιοι
1030 983 1060 1037 δέ
1079 983 1231 1049 ὅτιήμέν

68 1075 158 1140 ἑτέραν
172 1072 295 1140 ὁμοίαν
310 1074 460 1143 ἀργύρῳ,
474 1072 618 1139 ἀπὸΉρα-
672 1072 887 1139 έπιςπωμένη
910 1072 970 1125 τὸν
995 1071 1133 1138 ςίδηρον
1153 1072 1232 1138 Ἡρα-

67 1162 151 1216 κλείας
167 1164 276 1217 πόλεως
293 1164 438 1229 κληθεῖςαν
456 1163 487 1217 έν
505 1160 599 1231 Λυδίᾳ.
672 1165 794 1230 κλεῶτις,
808 1164 826 1229 ἡ
842 1162 872 1215 δέ
887 1163 1031 1228 Μαγνῆτις
1044 1159 1145 1227 ὁμοία
1159 1160 1232 1215 ἐςτίν

673 1251 811 1320 ἀργύρῳ
830 1255 887 1306 κτλ.

277 1416 394 1483 Bm
590 1376 592 1381 ’
769 1388 1224 1502 aafflaffia'

97 1522 162 1588 ἠςάν
180 1523 244 1576 ποτ’
262 1523 331 1589 ἠςαν
350 1524 458 1588 ἄλκιμοι
476 1521 617 1588 Μιλήςιοι·
707 1523 733 1589 ἡ.
758 1537 786 1575 π.
812 1522 839 1588 ἠ.
869 1522 894 1576 ἄ.
924 1523 974 1575 Μ.·
1008 1520 1140 1588 παροιμία
1168 1522 1231 1575 ἀπὸ

67 1613 125 1665 ἀπὸ
142 1617 290 1679 χρηςμοθ
309 1613 451 1677 γέγονεν
466 1612 546 1678 αὕτη.
569 1610 618 1664 Λέ-
671 1611 1229 1678 χρηςμοίλέπίτιλινπρογεγονότωνίί)

66 1718 138 1764 γεται
164 1703 195 1755 δέ
218 1702 273 1756 ἀπὸ
300 1702 360 1767 (τοι.
380 1702 449 1768 ἐπί)
474 1705 534 1755 τῶν
561 1701 617 1754 ἀπὸ
990 1715 996 1726 ·

67 1791 183 1847 εὐδοξίας
199 1792 350 1846 πεςόντων.
641 1720 646 1847 ί

146 1901 260 1987 Itaque
282 1900 379 1965 huius
403 1900 526 1967 ordinis
549 1898 722 1983 proverbia
745 1903 874 1982 praeter
897 1921 996 1963 unum
1019 1901 1125 1965 amaia
1147 1899 1230 1965 Pao-

67 2010 122 2073 ta'as
142 2008 230 2073 habat
250 2029 343 2090 aaqaa
370 2009 472 2073 eodem
499 2006 607 2072 ardiae
632 2006 832 2071 decurrentia.
879 2004 1018 2092 Reliqua
1046 2008 1087 2072 ab
1110 2010 1130 2082 ῆ
1153 2006 1229 2071 inci·

67 2116 181 2197 pientia
202 2115 271 2180 fere
296 2115 336 2180 15
359 2113 496 2179 Photius
519 2136 585 2179 non
610 2112 754 2196 exhibet,
783 2114 883 2178 imma
910 2136 950 2177 ne
977 2136 1078 2179 unum
1101 2114 1229 2201 quidem

68 2222 265 2303 proverbium
298 2222 420 2306 recapit
450 2224 578 2306 praeter
609 2242 648 2285 ea
676 2242 757 2304 quae
791 2220 994 2287 diasaeuasia
1025 2219 1229 2288 Zenobianus

68 2329 274 2413 transcripsit.
313 2329 436 2395 Eadem
461 2328 650 2393 observabis
675 2328 735 2392 sub
759 2336 786 2394 θ.
822 2327 967 2393 Primum
990 2329 1119 2414 quidem
1134 2327 1228 2418 (491)

72 2436 150 2518 apud
175 2435 328 2501 Photium
357 2436 559 2507 desideratur
590 2435 792 2518 alterumque
820 2440 936 2503 θᾶττον
964 2440 983 2517 ἢ
1014 2438 1134 2517 Βούτης
1164 2459 1231 2503 non

69 2544 140 2607 satis
159 2548 235 2630 apis
254 2544 405 2628 congruit
424 2565 497 2608 aum
512 2542 674 2608 Phoiiano
688 2566 718 2627 p.
739 2545 813 2627 274„
833 2545 888 2608 sed
908 2567 946 2608 ex
961 2543 1103 2610 Zenobio
1122 2544 1226 2611 11131

70 2679 107 2702 =
128 2652 152 2716 P
172 2650 220 2716 IV
243 2652 287 2717 28
310 2651 538 2736 depromptum
561 2649 697 2716 videiur.
743 2650 782 2715 In
806 2650 922 2716 ceteris
946 2654 1054 2716 autem
1079 2652 1228 2717 omnibus

68 2758 175 2823 mirum
197 2758 342 2823 invenies
366 2780 572 2824 eonsensum:

278 2881 395 2952 ma
781 2881 1121 2967 fflmsma

99 2989 247 3043 θετταλικὰ
269 2989 370 3056 πτερά·
399 2989 455 3042 ἀπὸ
478 2992 531 3042 τοί)
554 2988 616 3042 τὰς
705 2989 735 3042 θ.
761 3004 821 3043 πτ.·
853 2992 940 3041 τοῦτο
968 2987 1099 3055 εἴρηται
1127 2988 1171 3041 διὰ
1194 2989 1228 3042 τὸ

69 3079 268 3132 θετταλικὰς
308 3078 486 3145 χλαμύδας
526 3079 615 3144 ἔχειν
668 3077 1229 3145 πτέρυγαςέχειντὰςθετταλικὰς
1287 3065 1290 3074 ’

68 3169 226 3235 πτερύγια
248 3168 394 3235 εἶρηται’
421 3167 544 3222 έοίκαςι
561 3168 615 3235 γὰρ
669 3168 852 3234 χλαμύδας·
877 3167 1012 3235 πτέρυγες
1030 3168 1061 3221 δέ
1079 3170 1228 3222 καλοῦνται

67 3258 219 3325 πτέρυξιν
246 3257 278 3310 αἱ
306 3256 521 3324 ἑκατέρωθεν
549 3274 614 3322 γω-
670 3256 701 3309 αἱ
730 3256 946 3324 ἑκατέρωθεν
973 3255 1095 3322 γωνίαι
1124 3258 1169 3312 διὰ
1193 3259 1228 3311 τὸ

69 3344 137 3400 νίαι.
669 3345 821 3400 ἐοικέναι
839 3343 1032 3414 πτέρυξιν.ί)

146 3509 520 3595 affl=swa
869 3507 1031 3577 ama

101 3617 245 3680 θεττολῶν
259 3616 387 3683 ςόφιςμα·
402 3613 556 3688 (παροιμία
571 3617 615 3670 έπί
705 3616 736 3670 Θ.
753 3631 787 3668 ς.·
807 3616 852 3668 καί
870 3615 914 3668 ἐπί
934 3615 1022 3682 μάχης
1042 3657 1047 3669 .
1068 3656 1074 3670 .
1095 3657 1100 3669 .
1121 3619 1165 3670 καί
1185 3617 1228 3670 έπί

68 3710 118 3758 τῶν
134 3705 323 3774 ςοφιζομένων
345 3705 493 3772 λεγομένη,
518 3706 614 3759 διὰτὸ
668 3705 882 3772 παρακροὺςεως
905 3747 911 3760 .
932 3747 938 3759 .
959 3748 965 3760 .
989 3706 1142 3759 τάςςουςιν·
1168 3746 1227 3760 ...

69 3791 110 3825 **
132 3801 172 3863 τῷ
195 3795 328 3864 Θετταλῷ
351 3796 446 3860 λόγιον
471 3792 614 3867 έκπεςεῑν)
661 3793 761 3863 -Αἰάτῳ
788 3794 842 3861 γὰρ
873 3793 995 3847 κατιόντι
1024 3796 1040 3848 ὁ
1069 3797 1133 3848 θεὸς
1171 3797 1226 3864 ἔφη

68 3884 286 3947 φυλάττεςθαι
305 3886 345 3950 μὴ
369 3885 487 3937 ἕλωςιν
507 3884 614 3936 αὐτὸν
668 3884 876 3950 φυλάξαςθαι
896 3886 937 3950 μὴ
956 3884 1103 3938 λάθωςιν
1122 3884 1226 3937 αὐτὸν

68 3971 613 4041 οἱέξέναντίαςεύχῇμείζονικαί
668 3972 700 4025 oi
727 3973 760 4027 ἐξ
788 3973 948 4026 ἐναντίας
981 3974 1062 4042 εὐχῇ
1096 3972 1227 4040 μείζονι

67 4061 273 4130 λαμπροτέρᾳ
299 4063 373 4114 κατ’
401 4063 507 4115 αὐτοῦ
535 4079 614 4130 χρη·
668 4065 721 4115 καὶ
754 4063 972 4131 λαμπροτέρα
1009 4063 1084 4117 κατ’
1120 4063 1225 4116 αὐτοῦ

68 4151 198 4216 ςάμενοι.
248 4152 354 4219 Νοήςας
379 4153 430 4205 οὖν
456 4152 490 4204 τὸ
519 4153 613 4216 λόγιον
667 4152 885 4220 χρηςάμενοι·
919 4153 935 4205 ὁ
968 4153 998 4206 δέ
1032 4152 1226 4219 ἑκατόμβην

68 4238 321 4312 ...(έκατόμβην
336 4242 470 4309 ἀνδρῶν
485 4242 612 4307 ηὔξατο
667 4240 801 4310 ἀνδρῶν
813 4241 1225 4310 εὔξατοθύςειντῲἈπόλ-

133 4420 157 4488 1)
178 4419 339 4475 Pausaniae
356 4417 500 4474 videntur:
519 4418 554 4476 af.
572 4419 607 4473 fr.
626 4423 680 4474 224
695 4436 725 4491 p.
744 4423 778 4474 82
796 4417 898 4474 Rindfl.
