2925 5050
727 329 765 341 ..
816 295 856 358 16
907 330 944 341 -

202 403 206 407 ·
247 450 312 515 fert
339 449 381 516 M.
405 449 457 535 83,
490 452 586 516 Ienae
613 452 857 539 MDOOGLXI).
865 452 891 541 ¹)
936 453 1031 519 Nunc
1058 459 1168 519 autem
1201 454 1259 519 ubi
1291 453 1416 518 Zenobii

248 561 390 622 veterem
414 556 554 622 formam
577 560 764 625 recensione
783 559 894 625 Athoa
917 563 1081 632 servatam
1101 561 1194 644 quasi
1216 582 1277 645 pro
1304 559 1416 624 amussi

250 663 404 728 adhibere
437 685 622 749 possumus,
655 670 790 750 peracta
821 667 890 730 fere
916 687 969 730 res
1000 668 1050 730 est
1083 688 1104 730 a
1125 665 1363 730 Warnlrrossio
1389 669 1415 727 et

247 768 448 857 Iungblutio.

337 876 457 943 Omnes
466 878 569 965 igitur
580 880 630 944 illi
640 880 765 945 codices
774 901 812 946 ea
826 901 889 945 seno
901 881 1061 963 flacessit
1072 881 1233 965 arclsetspo
1243 879 1413 945 Zenobiou

248 984 420 1049 exhibente
449 987 623 1078 secundum
651 987 781 1052 litteras
810 988 1014 1072 dispositum.
1059 987 1172 1073 Neque
1201 987 1289 1053 enim
1312 991 1413 1073 potest

247 1091 385 1176 cogitari
415 1092 619 1159 simillimum
646 1093 740 1158 illum
763 1093 910 1158 ordinem
933 1095 1193 1179 proverbiorum,
1222 1117 1285 1178 quo
1317 1094 1356 1159 de
1380 1094 1412 1158 cf.

247 1194 402 1263 Schmidt.
425 1223 456 1284 p.
471 1201 491 1264 2
508 1223 586 1285 sqq„
609 1199 820 1265 Wernkross.
838 1224 869 1285 p.
887 1202 937 1284 17,
959 1200 1127 1288 Iungblut.
1146 1225 1177 1286 p.
1191 1203 1211 1266 6
1226 1224 1311 1286 sqq.‚
1334 1225 1353 1265 a
1375 1201 1411 1263 di-

246 1305 348 1370 versis
376 1306 563 1376 hominibus
593 1308 783 1372 institutum
810 1330 881 1373 esse
904 1309 956 1373 vel
980 1309 1093 1373 eadem
1115 1308 1243 1372 ratione
1265 1309 1410 1371 lemmata

246 1413 399 1477 mutilata
417 1435 487 1478 esse
511 1417 544 1478 et
567 1414 710 1498 turbata,
734 1437 797 1498 quo
820 1414 949 1478 facilius
972 1415 1158 1479 litterarum
1182 1414 1287 1478 ordini
1310 1436 1344 1477 se
1366 1436 1406 1477 ao·

246 1519 502 1584 commodarent:
525 1523 562 1583 ut
587 1519 704 1585 Zenob.
727 1520 754 1584 P
773 1520 804 1586 V
823 1520 865 1586 59
889 1519 917 1584 B
938 1521 1002 1587 728
1025 1521 1122 1607 Diog.
1136 1520 1203 1596 Vll
1222 1523 1263 1585 12
1285 1522 1343 1585 τὸν
1364 1521 1408 1583 ἵπ-

246 1647 310 1691 πον
333 1626 352 1690 s
376 1607 494 1705 cisen<
517 1625 551 1690 u
570 1625 621 1689 111
640 1628 682 1690 23
706 1626 732 1692 u
756 1625 871 1712 (erus.)
895 1628 939 1691 20
962 1631 1125 1692 musaeum
1149 1628 1184 1691 in
1206 1628 1225 1691 s
1244 1629 1295 1692 (κ.
1313 1629 1369 1693 τὸν
1384 1629 1409 1710 s,

245 1754 318 1796 cum
345 1732 555 1818 proverbium
583 1735 669 1818 quod
699 1734 863 1798 antecedit
889 1733 924 1797 M
942 1733 993 1797 ΠΙ
1011 1736 1055 1800 22
1075 1767 1117 1790 =
1137 1734 1255 1800 Zenob.
1282 1735 1310 1798 Ρ
1327 1735 1354 1798 V
1371 1735 1407 1798 58

246 1838 361 1904 bunio
379 1842 438 1905 τὸν
461 1842 658 1919 κρύσταλλον
682 1842 724 1906 ab
744 1854 764 1905 o
782 1838 982 1928 inciperet')
1027 1841 1090 1917 Qui
1113 1842 1315 1926 archetypon
1336 1841 1408 1904 illud

245 1945 415 2012 adornavit
434 1947 587 2012 librarius
606 1948 669 2012 fuit
688 1947 827 2012 stolidus
847 1952 880 2011 et
897 1947 1063 2033 indoctus3
1086 1971 1164 2013 narn
1182 1970 1313 2013 sensum
1334 1947 1407 2011 nihil

245 2074 359 2118 curans
380 2053 491 2118 eadem
509 2054 577 2118 fere
601 2055 701 2119 verba
724 2078 763 2118 ex
787 2054 923 2120 diversis
946 2055 1093 2120 fontibus
1117 2060 1150 2120 et
1173 2055 1407 2141 corruptissima

245 2159 416 2244 exscripsit
439 2163 472 2224 et
494 2160 624 2246 integra
647 2162 701 2246 (cf.
721 2159 832 2239 Bw
854 2164 887 2225 et
906 2161 980 2244 377,
1003 2161 1123 2226 Zenob.
1140 2160 1167 2225 P
1185 2162 1219 2226 Π
1237 2164 1279 2227 67
1304 2161 1330 2226 B
1349 2161 1404 2226 217

244 2268 278 2328 et
296 2263 322 2328 P
340 2264 374 2329 ΙΙ
393 2267 435 2333 86
460 2266 487 2331 Β
508 2268 570 2332 777
595 2272 628 2332 et
651 2269 731 2334 958:
754 2268 828 2333 vide
850 2267 937 2332 inira
959 2290 1028 2354 cap.
1046 2268 1135 2350 Hie
1158 2266 1189 2355 1)
1215 2274 1312 2354 atque
1333 2289 1405 2353 qnae

243 2371 392 2458 intellegi
410 2395 476 2438 non
494 2378 647 2458 poterant
669 2376 734 2439 nisi
757 2379 866 2441 vetere
890 2374 1002 2441 ordine
1026 2380 1155 2441 servato
1179 2377 1214 2441 in
1235 2399 1320 2442 novo
1340 2375 1405 2440 reli-

244 2463 335 2564 giose
359 2481 502 2547 servavit
526 2481 580 2567 (ef.
603 2481 744 2548 P1128
768 2484 889 2562 Δοῦρις
913 2483 973 2548 καὶ
995 2484 1069 2562 περὶ
1092 2483 1190 2562 αὐτῇ(
1214 2485 1301 2562 λέγει
1319 2479 1404 2545 =M
1436 2543 1437 2556 ,

242 2583 417 2652 1118990
440 2587 663 2673 Praesens,
691 2588 748 2653 ubi
777 2588 971 2654 antecedunt
998 2588 1165 2677 Duridea).
1212 2590 1402 2674 Quamquam

242 2692 326 2757 hanc
363 2694 470 2779 ipsam
507 2696 549 2760 ob
588 2716 719 2761 causam
752 2696 832 2760 fides
866 2696 934 2760 eius
968 2695 1055 2760 haud
1086 2696 1180 2781 parvi
1213 2697 1402 2763 aestimanda
1436 2721 1437 2778 ,

242 2798 378 2864 videtur.

333 2907 509 2973 Discedunt
528 2913 637 2974 autem
656 2910 782 2975 codices
801 2910 929 2996 vulgati
947 2909 982 2974 in
1001 2910 1081 2975 duas
1099 2916 1220 2996 partes.
1258 2913 1288 2977 A
1305 2911 1399 2997 priore

242 3016 332 3079 stant
355 3015 479 3080 codices
504 3015 569 3081 552
592 3017 767 3101 proverbia
786 3016 990 3081 continentes
1009 3017 1112 3102 ipsius
1131 3016 1266 3083 Zenobii
1283 3017 1398 3082 nomine
1436 3025 1437 3034 ’

241 3119 390 3206 inscripti
413 3120 587 3206 (Ζηνοβίου
607 3123 739 3204 ἐπιτομὴ
759 3125 794 3188 ἐκ
812 3126 878 3187 τῶν
892 3123 1052 3204 Ταρραίου
1071 3125 1122 3189 καὶ
1136 3124 1282 3203 Διούμου
1301 3144 1398 3203 παροι-

241 3232 525 3315 promovissem
547 3230 628 3294 κατὰ
651 3227 825 3316 ετοιχεῖον)
849 3229 1019 3295 Parisinus
1041 3252 1072 3295 n.
1091 3229 1195 3295 3070¹¹
1218 3253 1243 3295 s.
1261 3230 1324 3294 XII
1345 3228 1397 3313 (Ρ),

240 3334 435 3400 Harleianus
458 3336 546 3401 5863
566 3333 638 3423 (Η),
662 3335 848 3421 deperditus
872 3337 928 3401 ille
951 3336 1092 3439 editione
1110 3337 1245 3402 Iuntina
1268 3337 1397 3425 (Floren-

241 3440 307 3505 tiae
332 3439 432 3528 1497)
457 3464 629 3528 expressus
653 3442 722 3529 (Μ),
751 3444 792 3508 ab
817 3445 921 3509 altera
944 3444 1087 3510 auctoris
1110 3444 1241 3509 nomine
1265 3449 1397 3511 carentes

316 3691 342 3757 1)
360 3689 497 3746 Nimirum
517 3690 572 3746 hoc
590 3693 786 3761 argumentum
800 3692 848 3747 vix
865 3692 996 3747 extremis
1011 3688 1108 3761 digitis
1121 3690 1277 3761 attigerunt
1290 3692 1395 3748 editores

102 3810 112 3831 ⁴
242 3776 441 3846 Gottingenses
455 3777 484 3832 in
499 3778 670 3850 explicandis
686 3778 863 3850 potissimum
877 3780 1034 3850 proverbiis
1053 3782 1082 3835 et
1098 3779 1281 3835 inlustrandis
1300 3777 1394 3837 versati

310 3888 338 3953 2)
356 3884 487 3940 Fortasse
501 3885 587 3941 etiam
599 3886 630 3939 Μ
643 3885 683 3940 ΙΙΙ
698 3892 731 3940 12
751 3887 861 3942 πλείου(
874 3892 933 3942 τῶν
949 3885 1134 3954 Καλλικυρίων
1153 3887 1208 3941 huc
1226 3885 1394 3951 referendum,

238 3990 289 4043 pro
313 3990 367 4043 quo
392 3974 422 4029 in
440 3973 563 4044 volgatis
586 3974 729 4031 codicibus
749 3976 782 4044 (P
800 3976 839 4031 IV
858 3981 892 4030 54
911 3977 933 4030 B
952 3980 1016 4044 542)
1036 3964 1221 4042 Καλλικυρίων
1238 3977 1346 4031 πλείου(
1360 3975 1394 4028 in-

237 4061 346 4130 venies3
379 4062 558 4131 subsequitur
580 4060 653 4118 enim
679 4065 774 4130 Κέλμι(
796 4065 826 4117 ἐν
850 4066 951 4133 (ιδήρῳ
969 4062 999 4114 Μ
1017 4063 1058 4117 ΙΙΙ
1079 4068 1124 4117 13:
1152 4064 1207 4118 nisi
1225 4082 1321 4120 vocem
1342 4080 1394 4133 pro

237 4151 328 4229 verbii
339 4170 474 4207 summam
484 4150 674 4207 continentem
683 4153 712 4207 in
723 4152 804 4207 initio
814 4152 956 4222 positurus
969 4154 1031 4207 erat
1044 4150 1229 4221 diasceuasta,
1244 4157 1276 4208 ut
1289 4155 1393 4222 saepius.

238 4240 342 4295 Contra
359 4241 431 4296 mira
449 4240 523 4295 iuter
540 4241 562 4294 P
576 4240 602 4294 V
616 4247 650 4295 26
669 4242 759 4309 (ξένος
776 4243 851 4295 ἔλθοι
870 4244 938 4309 κτλ.)
957 4243 987 4296 et
1004 4241 1091 4294 13441
1112 4242 1146 4309 (ἔ.
1161 4245 1183 4296 ξ.
1198 4258 1262 4296 curn
1279 4242 1344 4295 ΜΙΙ
1356 4242 1392 4306 81)

237 4332 281 4383 est
299 4329 501 4401 discrepantia,
524 4346 596 4398 quae
620 4346 652 4384 eo
671 4330 790 4385 sortasse
808 4329 1077 4400 explicatur,·quod
1093 4330 1271 4400 proverbium
1288 4330 1353 4385 illud
1368 4329 1392 4381 iu

237 4417 389 4487 archetypo
407 4418 451 4472 bis
469 4418 617 4488 legebatur
636 4417 807 4488 diversisque
825 4418 905 4488 loeis,
924 4419 959 4473 cl.
980 4435 1039 4489 cap.
1059 4419 1132 4484 1115
1152 4426 1176 4477 1.
