2925 5050
712 216 928 281 ,88-

235 402 274 446 ea
297 380 438 446 auctoris
467 400 537 445 esse
564 382 662 463 atque
692 376 800 444 vicina
828 376 886 441 illa
918 375 980 440 122
1004 379 1037 441 et
1064 373 1127 440 115
1150 372 1396 458 Aristophanes:

234 492 271 553 ut
302 487 378 552 inde
411 510 431 551 a
463 486 526 550 122
550 482 669 571 (1211)
693 485 733 549 ad
765 484 828 549 126
856 484 1035 549 continuam
1062 483 1239 548 habeamus
1272 480 1397 546 locorum

233 596 342 661 eorem
359 616 398 658 ex
420 594 615 659 comicorum
629 590 836 658 nobilissimo
851 590 1031 676 repetitam.
1067 588 1276 673 Interpositis
1295 586 1398 651 deinde

235 702 315 768 locis
349 700 542 785 quibusdam
569 698 760 783 Epicharmi
795 698 855 762 131
888 694 960 784 (93)
991 697 1053 762 133
1081 694 1168 785 (95),
1200 692 1397 778 Bacchylidis

237 808 302 875 132
326 806 410 893 (94),
435 805 677 891 Pythermionis
702 806 766 871 134
789 802 869 892 (96),
894 803 1063 887 Sophoclis
1089 802 1155 869 135
1178 800 1266 889 (91),
1289 801 1396 887 quibus

235 915 323 981 haud
342 914 408 980 scio
426 936 469 979 an
487 914 798 999 paroemiographus
818 911 890 978 rcr'
908 912 1052 992 ἔλλειψιν
1070 911 1231 991 λεγόμενα
1249 908 1398 994 quaedam

236 1024 290 1106 (cf.
313 1023 373 1088 131
398 1022 434 1086 ἐκ
452 1022 574 1086 παντόε
592 1022 703 1088 ξύλου·
727 1018 800 1085 κατ’
823 1018 967 1099 ἔλλειψιν
987 1021 1126 1097 λέγεται·
1150 1019 1188 1082 τὸ
1207 1017 1269 1095 γὰρ
1288 1020 1398 1094 πλῆρει

236 1127 316 1215 κτλ.)
339 1128 513 1193 inlustrare
536 1127 693 1210 voluerit,
721 1126 761 1190 ad
785 1125 985 1191 comoediam
1008 1125 1154 1191 Atticam
1177 1125 1295 1189 iterum
1317 1144 1399 1189 revo-

238 1256 348 1299 camur
368 1233 431 1299 136
446 1230 519 1319 (98)
534 1233 676 1300 ’Arctior
691 1233 809 1313 itroire,
833 1232 889 1298 ubi
908 1232 963 1297 ΡΙ
978 1232 1021 1299 52
1040 1232 1271 1318 Aristophanis
1295 1230 1400 1297 comici

237 1345 275 1405 ut
298 1341 424 1405 videtur
443 1342 620 1406 versiculus
640 1344 788 1406 servatur
795 1338 820 1426 ¹)
844 1339 916 1405 κατ’
938 1339 1108 1421 ἀποκοπὴν
1127 1344 1164 1405 ut
1183 1338 1398 1404 antecedentes

237 1448 286 1511 illi
309 1449 342 1510 et
364 1446 407 1513 42
431 1447 475 1512 44
498 1445 553 1533 (cf.
575 1448 670 1532 Diog.
694 1446 743 1511 IV
767 1446 809 1513 75
832 1451 899 1513 not.
923 1449 980 1530 cr.)
1003 1449 1037 1511 in
1061 1447 1242 1531 proverbiis
1265 1446 1399 1511 habitus.

236 1554 320 1619 Item
355 1554 416 1619 131
451 1554 521 1638 (99)
554 1555 641 1638 τρίτῃ
673 1558 799 1640 κεφαλῇ
830 1555 881 1619 καὶ
910 1554 1005 1638 τρίτῳ
1035 1554 1206 1645 ἐγκεφάλῳ
1235 1552 1401 1619 ‘comicum

238 1662 378 1747 aliquem
403 1661 527 1746 sapere’
551 1662 616 1726 iam
634 1661 827 1727 Leutsehins
851 1660 1026 1741 adnotavit,
1051 1683 1248 1746 quamquam
1271 1682 1335 1726 non
1357 1658 1399 1720 in·
1430 1678 1432 1759 ῳ

237 1769 332 1835 venio
348 1769 432 1853 apud
441 1768 646 1834 Meinekium.
670 1766 855 1854 Sequuntur
873 1769 933 1833 139
945 1765 992 1855 (Π
1005 1765 1206 1854 1)-142(Π
1216 1766 1252 1852 4)
1266 1771 1402 1850 caemar
1431 1762 1433 1847 l

238 1878 296 1943 toci
323 1897 340 1941 e
365 1875 527 1941 Strattidc's
556 1876 716 1942 macedan
745 1876 877 1960 repetiti3
909 1897 986 1941 nam
1018 1898 1090 1941 cum
1126 1876 1187 1941 139
1220 1875 1262 1940 οὐ
1296 1874 1400 1953 πρέπει
1433 1891 1434 1929 ι

237 1987 321 2069 γαλῇ
343 1982 505 2063 κροκωτόε
530 2014 570 2036 =
593 1984 633 2049 fr.
658 1984 697 2048 71
722 2005 753 2067 p.
778 1984 840 2049 731
865 1982 918 2067 K,
948 1982 1231 2063 reconvinci
1256 1981 1344 2063 χώρᾳ
1366 2006 1401 2029 =
1434 1991 1435 2029 1

238 2135 452 2148 μ·-

238 2213 333 2280 rodem
351 2210 444 2267 forma
460 2228 478 2265 a
496 2210 613 2266 senonis
631 2209 789 2267 Atticorum
807 2212 900 2266 aliena
918 2211 983 2267 ferri
1002 2212 1095 2281 potest
1112 2210 1141 2266 in
1159 2210 1285 2266 versibus
1303 2206 1403 2264 melicis
1436 2191 1437 2221 ¹

239 2301 337 2371 quales
355 2301 410 2354 hoe
428 2300 491 2356 loco
510 2301 667 2356 subsentire
686 2300 757 2355 mihi
774 2301 879 2357 videor.
909 2302 1087 2368 Ὅλόεχοινον
1105 2299 1135 2353 in
1153 2299 1308 2368 proverbiis
1325 2298 1403 2351 fiiisse
1437 2293 1438 2323 l

240 2389 369 2445 Aeschin.
389 2389 424 2443 de
442 2389 505 2443 fals.
524 2390 579 2459 leg.
598 2409 627 2459 p.
646 2396 711 2459 206,
734 2390 819 2445 Anth.
839 2391 898 2445 Pal.
913 2390 939 2443 X
953 2395 1027 2459 49‚5
1047 2389 1252 2456 ἀποφράξαντα
1271 2429 1277 2441 .
1297 2426 1303 2439 .
1323 2429 1328 2440 .
1350 2388 1403 2439 ὀλο·
1438 2392 1439 2417 ¹

242 2479 342 2549 εχοῐνῳ
360 2481 394 2533 τὸ
409 2480 494 2546 ετόμα
512 2481 541 2534 te
561 2479 685 2548 docebit3
703 2486 830 2549 παρεῖται
849 2478 924 2535 haud
943 2478 1001 2534 ecio
1020 2496 1055 2533 an
1070 2478 1106 2532 ad
1120 2476 1334 2547 explicationem
1350 2491 1405 2547 per·
1439 2493 1440 2519 ι

241 2570 330 2624 tineat
350 2572 516 2637 (παρῆκταιῗ
535 2570 557 2623 Ρ
577 2569 601 2621 V
620 2572 680 2637 62),
704 2571 736 2623 ut
754 2570 824 2636 αἰγὶ(
842 2572 950 2635 λέγεται
968 2568 998 2621 Μ
1016 2567 1055 2621 ΙΙΙ
1075 2574 1124 2623 162
1144 2566 1190 2636 (cl.
1210 2583 1293 2637 supra
1310 2584 1337 2635 p.
1358 2565 1404 2632 61).

313 2660 339 2726 1)
358 2657 450 2714 Habes
469 2658 499 2713 in
517 2659 552 2714 P:
573 2661 655 2727 ὅλην
674 2662 709 2714 δέ
726 2659 771 2728 (cl.
788 2660 968 2715 schollPlat.
982 2677 1010 2729 p.
1031 2664 1092 2727 3211,
1111 2657 1188 2712 Snid.
1208 2657 1289 2712 Phot.
1308 2674 1326 2711 s.
1348 2659 1405 2710 ὄνοι

239 2750 335 2818 λύραε)
351 2749 555 2816 Ἀριετοφάνηε
569 2749 599 2802 ἐν
612 2749 809 2817 τετραμέτροιε
823 2749 933 2817 ἐκφέρει
952 2750 1057 2814 λέγων·
1078 2748 1197 2802 Ἀκεείαε
1215 2748 1266 2802 τὸν
1284 2747 1407 2814 πρωκτὸν

240 2839 343 2894 ἰάεατο.
379 2836 502 2892 Dobraei
520 2836 679 2891 coniectura
696 2839 726 2891 ἐν
745 2838 871 2907 τετάρτῳ
887 2838 1015 2905 ἀμέτρων
1030 2838 1142 2907 recepta
1156 2853 1220 2891 cum
1235 2836 1406 2904 Bernhardyo

241 2928 277 2983 ad
296 2925 511 2994 grammaticum
530 2925 639 2979 rettulit
657 2925 800 2980 Nauckius
818 2926 960 2995 Aristoph.
980 2927 1047 2996 Byr.
1066 2944 1093 2995 p.
1113 2925 1218 2980 23811.
1238 2925 1286 2980 VI.
1323 2925 1405 2990 Quam

241 3014 409 3071 sententiam
419 3014 500 3067 novis
509 3013 682 3083 argumentis
692 3014 803 3069 firmare
822 3017 938 3070 conatus
953 3017 996 3069 est
1014 3014 1179 3069 Leutsehins
1196 3015 1226 3069 in
1245 3014 1406 3069 commenta·

241 3103 368 3160 riunena
381 3102 543 3157 coassumi
556 3102 658 3158 Ριιιοι
673 3087 811 3158 alumni
824 3102 889 3157 mu
903 3103 1009 3158 resera
1022 3122 1049 3172 p.
1065 3108 1117 3158 cea
1132 3121 1203 3172 sqq.
1223 3121 1286 3158 aum
1301 3103 1407 3166 eiceret,

241 3195 275 3248 τὸ
295 3195 326 3247 δέ
342 3197 445 3260 πλῆρεε
464 3193 494 3246 et
512 3193 622 3260 ἐκφέρει
644 3193 734 3257 λέγων
758 3193 936 3261 grammatici
962 3208 1032 3246 esse.
1070 3192 1173 3246 Verum
1197 3193 1289 3260 λέγων
1316 3191 1408 3249 vocula

244 3281 407 3351 saepissime
426 3283 458 3335 nt
477 3284 692 3336 consentaneum
712 3280 812 3335 eadem
830 3281 938 3336 ratione
956 3281 1103 3351 poetarum
1121 3281 1290 3336 testimoniis
1308 3281 1409 3338 adiecta

244 3370 394 3438 invenitur,
413 3369 447 3424 ef.
466 3368 489 3422 P
508 3368 533 3422 V
553 3374 587 3424 59
607 3368 647 3438 (M
661 3369 700 3422 ΠΙ
710 3371 756 3439 23)
777 3371 861 3424 11122
881 3370 960 3440 (ΜΙΙ
975 3371 1019 3439 53)
1040 3371 1077 3425 lv
1091 3376 1123 3426 18
1143 3369 1183 3441 (Μ
1197 3370 1265 3440 162)
1284 3372 1408 3439 μέμνηται

244 3460 288 3528 (--
309 3459 430 3527 ἐκφέρει)
448 3461 553 3525 ταύτηε
572 3458 689 3526 Δίφιλοε
707 3459 806 3528 λέγων,
825 3457 935 3527 Didym.
953 3459 1044 3515 Schm.
1063 3477 1090 3529 p.
1106 3466 1157 3514 302
1176 3462 1348 3529 παρήκουεεν
1363 3503 1368 3516 .
1383 3499 1406 3512 ..

245 3548 371 3615 Ὀμήρου
400 3548 544 3616 λέγονται,
571 3565 599 3617 p.
625 3553 676 3602 311
701 3551 755 3615 τὴν
775 3591 780 3602 .
802 3547 1003 3617 ..παροιμίαν
1025 3553 1264 3617 παραπεποιῆεθαι
1288 3551 1341 3604 ὑπὸ
1362 3551 1407 3601 τοῦ

244 3638 366 3704 ῥήτορος
384 3637 522 3705 λέγονται,
540 3638 573 3691 ut
591 3636 657 3692 hinc
675 3639 872 3708 argumentum
891 3637 987 3706 potius
1001 3638 1184 3707 repetendum
1198 3638 1327 3693 videatur
1340 3634 1407 3706 quod

244 3725 343 3780 contra
370 3725 584 3794 grammaticum
612 3726 714 3781 valeat.
757 3725 910 3780 Proverbia
936 3727 1031 3780 autem
1060 3727 1168 3797 volgari
1193 3744 1244 3781 usu
1271 3727 1407 3782 decurtata

243 3814 355 3883 integra
375 3829 458 3882 saepe
476 3812 597 3868 inveniri
615 3815 690 3884 apud
708 3815 808 3884 poetas
823 3815 876 3868 hac
894 3815 955 3885 ipsa
975 3815 1047 3870 serie
1061 3815 1136 3883 (inde
1151 3833 1169 3870 a
1183 3821 1244 3884 131,
1263 3833 1318 3884 quo
1331 3816 1364 3869 de
1377 3813 1405 3868 cf.

244 3902 449 3958 Schneidewini
475 3904 557 3958 notas
585 3904 621 3958 ad
648 3904 670 3957 P
693 3901 732 3956 IV
751 3905 777 3971 ’1)
806 3903 962 3958 accuratius
991 3905 1114 3959 tractata
1137 3903 1294 3975 intelleges.
1329 3904 1406 3959 Acce·

244 3991 288 4047 dit
306 3991 383 4061 quod
402 3992 454 4047 τὸν
473 3994 605 4060 πρωκτὸν
619 3993 714 4052 ίάεατο
730 3993 832 4047 comici
846 3995 912 4055 sunt
927 3993 1045 4048 Ἀκεείαε
1058 3991 1198 4063 Apollinis
1212 4009 1362 4065 cognomen
1377 3991 1406 4046 ad

244 4081 441 4152 argumentum
455 4071 607 4136 ridiculum'
619 4083 820 4138 transferentis.
845 4084 944 4152 Itaque
958 4083 993 4138 de
1007 4082 1193 4152 Aristophane
1208 4083 1324 4154 comico,
1338 4081 1406 4138 cuius

244 4170 318 4225 inter
335 4171 495 4241 fragmenta
513 4171 734 4240 ἀμφιεβητὴαμα
753 4174 834 4228 caute
853 4173 964 4228 rettulit
982 4172 1147 4228 novissimus
1166 4171 1257 4226 editor
1270 4190 1297 4242 p.
1312 4177 1361 4228 1191
1378 4171 1406 4224 f.

246 4264 311 4328 903,
336 4260 383 4314 vix
406 4260 467 4314 ulla
489 4260 618 4315 remanet
642 4260 793 4329 dubitatio,
818 4279 880 4316 cnm
899 4262 1064 4332 praesertim
1085 4263 1254 4318 comicorum
1273 4263 1328 4318 sint
1345 4274 1406 4331 quse

246 4351 402 4416 sequuntur
420 4364 512 4419 neque
530 4347 601 4404 talia
618 4349 803 4418 grammatico
821 4353 938 4422 accepta
955 4353 1058 4408 referat
1075 4349 1217 4422 Didymus.
1307 4417 1313 4428 ·
