2925 5050
503 299 723 364 ..27...

115 458 201 528 Nam
221 459 322 526 etiam
340 461 454 526 breves
473 460 535 524 hae
550 458 784 544 explicationes
799 484 820 525 a
832 459 1037 546 Diogeuiauo
1051 460 1105 524 vix
1125 462 1201 525 sunt

43 567 160 650 alienae,
184 567 243 632 sed
261 567 350 632 solae
369 567 572 632 verbosiores
592 565 677 650 illae,
701 589 783 652 quas
801 566 1001 652 Hesychium
1019 589 1040 632 a
1058 566 1201 632 Zenobio

45 675 233 760 adsumpiase
257 697 316 740 suo
344 674 412 738 iure
436 673 621 759 suspicatus
646 677 696 738 est
719 671 928 742 Schmidtiua.
973 672 1036 739 Sed
1058 674 1139 740 haec
1166 673 1202 738 iu

45 783 213 848 coniectura
237 784 313 846 suut
339 782 448 866 posita
476 802 577 864 eaque
608 781 690 846 satis
719 781 859 865 lubrica3
887 804 946 866 pro
975 785 1063 850 certo
1092 784 1201 846 autem

46 889 198 956 adfirmare
218 889 304 971 licet,
323 887 519 974 Diogeuiani
537 888 621 954 illud
639 909 722 972 opus
742 890 815 967 περὶ
834 892 1012 968 παροιμιῶν
1029 889 1065 952 in
1083 887 1201 952 somni·

46 1019 123 1060 crum
146 1017 281 1062 numero
305 1017 376 1062 csse
399 995 593 1074 habendum.
638 994 740 1060 Recte
762 995 830 1062 iam
853 994 1019 1062 Fabricius
1038 994 1068 1057 V
1087 1018 1117 1078 p.
1139 994 1201 1058 109

46 1103 82 1166 ed.
106 1102 213 1168 Harl:
244 1102 478 1188 ‘Diogeuianua
504 1123 572 1168 non
599 1101 727 1168 videtur
755 1102 923 1188 singulare
951 1123 1033 1188 opus
1060 1101 1099 1166 de
1126 1123 1202 1186 pro-

46 1210 151 1296 verbiis
172 1208 362 1294 scripsisse'.

120 1314 271 1382 Ceterum
294 1315 517 1402 Diogenianca
540 1313 620 1382 haec
644 1315 789 1380 recensio
809 1314 946 1399 schotti,
969 1339 989 1380 a
1008 1314 1202 1381 Pontiniauo

49 1425 174 1508 quodam
194 1428 227 1488 et
242 1424 392 1490 Palatino
411 1423 581 1490 chartaceo
600 1422 919 1510 recentissimoque¹)
938 1424 1089 1509 pendens,
1108 1446 1205 1508 quam

48 1535 72 1592 et
88 1529 275 1598 Gaisfordus
299 1534 332 1594 et
352 1527 611 1596 Schneidewinus
630 1529 841 1614 repetierunt,
865 1531 1010 1596 omnium
1033 1532 1130 1618 longe
1154 1534 1204 1598 est

47 1636 222 1702 miserrima.
267 1637 360 1702 Nihil
389 1637 460 1702 dico
488 1637 527 1701 de
554 1637 736 1722 proverbiis
755 1636 952 1721 Byzantinis
980 1639 1204 1724 insiticiisque,

48 1765 114 1825 quae
136 1749 194 1809 aut
217 1767 289 1810 cum
313 1744 428 1809 ceteris
447 1744 632 1810 eommunia
655 1744 755 1810 habet
778 1749 835 1810 aut
854 1747 925 1810 sola
947 1745 1010 1812 sibi
1028 1744 1205 1830 peculiaria

48 1845 134 1932 (velut
157 1850 226 1916 VH·
241 1854 299 1918 83·
320 1858 384 1931 πῦρ
407 1850 465 1918 ὑπ’
489 1850 640 1918 ἀκάνθαις
664 1873 702 1916 ex
721 1852 791 1935 θείᾳ
809 1859 920 1937 γραφῇ
939 1856 1023 1916 teate
1042 1851 1201 1938 Gregorio

47 1954 71 2017 Ν
73 1956 237 2023 azianzeno
248 1959 333 2042 apud
344 1957 515 2024 Schottum
526 1957 566 2023 ad
576 1958 611 2044 l.;
631 1957 671 2023 cf.
679 1957 742 2022 DV
755 1958 825 2024 196
840 1958 889 2025 ΠΙ
902 1955 969 2045 13).
989 1957 1052 2023 Sed
1060 1959 1205 2027 notanda

48 2066 87 2126 cst
107 2063 303 2130 incredibilis
325 2065 534 2132 librariorum
558 2064 768 2132 oscitantium
785 2069 819 2130 et
837 2053 1054 2152 petulantium
1072 2065 1206 2132 licentia

49 2173 73 2231 et
88 2173 302 2258 neglegentia,
322 2195 395 2238 cum
413 2171 606 2258 praesertim
625 2173 814 2255 exemplaria
832 2174 913 2256 typis
927 2193 1072 2256 expressa
1087 2173 1205 2254 falsam

46 2277 209 2362 pleramque
239 2271 386 2346 emittas
416 2280 544 2362 speeiem
569 2299 650 2362 prae
676 2299 707 2344 se
731 2276 878 2364 seranta)
924 2278 1012 2346 Nam
1044 2280 1204 2349 editorum

50 2385 144 2450 oculos
171 2387 224 2452 vel
251 2387 393 2473 plurima
421 2386 480 2450 illa
509 2390 541 2450 et
575 2386 771 2473 gravissima
798 2387 880 2451 vitia
908 2387 1092 2473 effugerunt
1122 2410 1205 2472 quae

52 2495 111 2557 crta
136 2498 211 2560 sunt
230 2495 302 2563 loeis
320 2496 363 2561 aa
379 2496 552 2577 morpiaem
570 2495 735 2577 ademptis
753 2499 782 2559 et
796 2495 878 2575 falso
900 2495 934 2561 ia
957 2496 1116 2563 ωνόονιιω
1138 2516 1205 2563 ωπ-

51 2609 247 2623 ’ἢ--ἡ-η

109 2654 134 2721 1)
152 2653 192 2707 cf.
212 2653 330 2708 Creuzcr
350 2653 383 2708 ‘a
403 2652 501 2708 Gescb.
523 2650 548 2706 d.
568 2652 671 2722 griecb.
691 2670 718 2706 u.
737 2610 890 2709 rcmfflitss
910 2672 937 2721 p.
957 2658 1016 2707 318.

111 2745 136 2811 2)
160 2741 256 2797 Obiter
274 2742 384 2813 corrigo
403 2742 430 2797 II
449 2741 645 2810 ott-enrelcv
668 2759 699 2796 τε
721 2746 833 2811 τροφὴν
860 2743 905 2811 (cf.
929 2759 1009 2797 serra
1032 2760 1106 2811 aqua
1125 2744 1204 2798 oric

52 2830 130 2885 λοκΙ
148 2839 163 2887 6
182 2838 227 2898 26)
250 2850 301 2901 pro
320 2832 433 2899 θήλειάν
451 2848 482 2889 τε
500 2849 555 2901 τρ.,
580 2832 656 2901 quod
679 2848 762 2887 sensu
786 2848 896 2887 οοιιααι
920 2833 974 2897 est3
1000 2831 1027 2886 Il
1046 2839 1079 2887 92
1103 2834 1205 2900 ἀχρή-

51 2936 109 2973 ςτοις
125 2924 141 2989 ἢ
160 2923 277 2989 φαύλοις
295 2938 345 2991 pro
364 2927 491 2989 χρηςτοῖς
508 2924 526 2988 ἢ
546 2939 590 2989 φ.;
623 2922 661 2975 lll
681 2927 714 2975 22
739 2922 817 2991 αὐτῷ
835 2918 970 2992 (γετῷ)
989 2924 1116 2991 κλητῆρι
1134 2922 1206 2988 rire:

50 3024 93 3061 τοι
114 3014 180 3064 κακὰ
202 3028 253 3080 pro
278 3012 303 3064 ά.
327 3014 443 3079 κρητῆρι
461 3009 523 3079 γίνῃ
543 3027 566 3063 κ.
586 3011 662 3078 (nam
681 3009 814 3063 audacior
833 3010 877 3063 est
894 3008 1019 3079 Emperii
1045 3009 1207 3066 coniectura

26 3118 27 3139 ι
52 3096 94 3149 rol.
111 3098 135 3150 11
152 3117 177 3168 p.
197 3104 264 3167 319,
289 3098 399 3153 Schotti
422 3100 516 3153 autem
541 3100 570 3152 et
590 3097 796 3153 Schneidewini
818 3097 935 3153 inventa
956 3098 1033 3153 haud
1051 3098 1121 3153 satis
1139 3102 1206 3169 apte

52 3187 201 3243 conveniunt
220 3172 283 3243 cum
302 3186 513 3257 explicatione);
542 3186 580 3240 IV
591 3193 625 3241 52
644 3187 694 3241 sub
713 3186 847 3241 lemmate
866 3187 896 3240 ἐν
914 3189 980 3255 πυρὶ
1000 3188 1168 3257 βέβηκας-
1187 3193 1205 3259 ἢ

53 3274 87 3327 ἐπὶ
102 3276 239 3343 άςχὲτου
260 3292 310 3347 pro
329 3278 384 3344 ἢὲ.
399 3275 543 3344 αἰςχίςτοιι,
562 3275 636 3346 ignis
651 3274 800 3330 enim'non
818 3278 876 3330 tam
895 3276 1077 3345 turpitudinis
1095 3278 1206 3345 signum

54 3366 102 3419 erat
121 3382 202 3434 quam
226 3365 391 3421 sanctitatis.
429 3362 515 3423 Vaeb
538 3367 759 3434 καλαμαράόικος
780 3367 915 3434 γάόαρος·
939 3368 995 3420 ἐπὶ
1020 3370 1088 3421 τῶν
1106 3369 1206 3434 μεγά-

54 3454 117 3507 λων·
134 3461 254 3511 τοιοοτοι
271 3456 325 3523 γάρ
344 3455 370 3508 οἱ
389 3456 443 3509 ἐκεῖ
462 3457 522 3509 ὄνοι
545 3457 590 3525 (=
605 3454 665 3509 MP
683 3461 718 3509 86
739 3455 792 3511 rol.
812 3455 837 3508 ll
855 3472 882 3525 p.
903 3458 966 3524 257)
989 3454 1019 3509 in
1042 3457 1204 3527 portentoso

54 3540 92 3595 illo
112 3546 231 3599 monstro
255 3544 542 3599 ΚΑΛΑΜΑΡΑΔΙΚΟ(
570 3544 708 3615 simplicia
738 3545 975 3601 ΚΑΙΑΧΑΡΝΙΚΟ(
1007 3545 1094 3600 verba
1116 3546 1205 3603 latere

56 3631 168 3701 suspicor,
187 3633 222 3688 cs.
242 3632 297 3685 DI
316 3638 350 3687 26
371 3632 535 3701 Ἀντρώνιος
554 3635 630 3688 ὄνος·
656 3635 699 3687 ἐπὶ
722 3639 790 3687 τῶν
805 3635 964 3706 ’μεγάλων
984 3676 989 3687 .
1007 3675 1034 3687 ..
1056 3634 1206 3703 Ἀχαρνι-
1309 3646 1312 3651 “

55 3722 95 3772 κο)
114 3722 194 3777 ὄνοι·
219 3725 263 3777 ἐπ)
285 3727 344 3776 τῶν
367 3724 462 3776 αὐτῶν
481 3722 525 3790 (cf.
545 3722 663 3791 Hesych.
683 3741 703 3778 s.
723 3742 763 3789 v.‚
786 3723 902 3792 Eupolis
921 3723 954 3778 fr.
975 3729 1026 3779 182
1045 3742 1073 3793 p.
1093 3731 1144 3780 309
1163 3726 1204 3793 Κ;

55 3806 161 3865 Ribbeck
174 3812 280 3866 Alazon
298 3827 325 3879 p.
342 3814 395 3879 29),
414 3826 486 3879 quae
499 3809 618 3867 fortusse
632 3828 651 3866 a
664 3810 839 3867 diasceuasta
857 3811 954 3881 aliquo
973 3830 1122 3883 perperam
1140 3817 1205 3870 sunt

57 3900 180 3969 excerpta;
207 3900 281 3957 V86
310 3900 487 3955 scribendum
512 3901 612 3969 Καρική
643 3902 752 3956 Μοῦςα·
781 3903 825 3955 ἐπὶ
853 3907 912 3957 τῶν
943 3903 1103 3968 ἀλλογενῶν
1132 3905 1206 3975 [ἤτοι

58 3983 161 4057 [κιθὼν]
189 3991 233 4043 καὶ
261 3990 460 4057 ἀγραμμάτων
487 3990 531 4059 (=·
551 3990 739 4059 ἀπαιδεύτων,
768 3990 802 4045 ef.
819 3989 858 4044 VI
878 3991 936 4060 50),
960 4008 1011 4061 pro
1035 3994 1206 4060 γραμμάτων

58 4071 192 4139 (Parcius
210 4077 286 4133 enim
305 4096 368 4133 cum
387 4080 572 4147 Γαραμάντων
591 4078 741 4147 coniceret,
759 4079 811 4135 rili
829 4079 879 4134 illc
896 4079 1066 4150 glossemate
1083 4081 1114 4135 in
1131 4098 1206 4137 erro·

58 4176 103 4217 reru
118 4167 208 4237 raptus
227 4170 293 4237 θοός
317 4166 356 4223 VI
375 4173 408 4221 96
432 4168 562 4235 κέραμος
578 4170 726 4237 ἄνθρωπος
745 4167 853 4239 corrige
871 4186 922 4238 pro
941 4169 1039 4225 insano
1058 4169 1109 4224 illo
1128 4187 1206 4238 κερα-

60 4253 116 4319 μεὺς,
130 4269 161 4309 ex
174 4256 267 4312 codice
277 4256 387 4313 Eraami
401 4256 427 4311 ΙΙ
438 4262 479 4324 10,
489 4264 532 4313 90.
555 4256 620 4313 Alia
634 4257 796 4313 emendavit
809 4258 829 4313 1.
841 4257 876 4313 Η.
888 4257 1057 4315 Slothouber
1070 4256 1100 4313 in
1111 4261 1204 4315 obser·

56 4339 196 4400 ¹rationibus
213 4346 249 4399 ad
267 4345 534 4417 paroemiographos
554 4346 636 4417 (Trai.
658 4346 701 4402 ad.
721 4347 810 4402 Rhen.
832 4349 924 4417 1879),
949 4364 1120 4417 quamquam
1138 4350 1207 4407 satis

61 4440 85 4481 ea
99 4430 202 4507 pusilla;
222 4434 255 4489 da
275 4433 338 4489 aliis
358 4434 392 4491 cl.
406 4433 590 4495 'Leutschium
611 4436 698 4495 ‘orat
718 4436 773 4510 gel.
789 4438 872 4494 Ana!
895 4442 964 4493 1846
982 4455 1009 4509 p.
1030 4442 1107 4496 1408.
