2925 5050
507 237 722 304 ..49-

50 403 141 476 κῆρετ
163 397 238 464 οὖν’
261 397 309 463 ἔτ’
333 396 533 479 Ἀνθεττήρια
556 404 768 466 servaverunt
789 404 877 464 recte
899 397 1093 483 explicatam
1117 395 1203 482 apud

50 504 185 569 Plotium
210 529 239 589 p.
259 505 324 570 286
347 504 387 570 Ν.
406 505 459 592 (cf.
484 530 514 590 p.
536 506 615 592 423)
640 507 684 572 rbc
707 508 787 572 κατὰ
809 510 868 586 τὴν
891 505 987 570 πόλιν
1009 510 1077 570 rot<
1095 503 1203 570 Ἀνθε-

52 613 166 691 [raptore
181 617 247 678 τῶν
262 615 377 691 ψυχῶν
396 612 702 696 περιερχομένωνιῑ)
722 637 786 698 qua
800 614 887 678 haud
906 613 973 677 scio
988 634 1030 676 an
1045 611 1202 696 Didymus

52 719 217 802 utsaepius
240 718 395 784 Dc'monis
420 719 502 784 mira
526 724 636 786 rnvan
638 743 656 785 a
623 720 764 786 ttrefu
750 721 878 786 taverit.

124 823 255 891 Ceteros
287 826 375 890 locos
402 826 458 889 ubi
488 832 560 891 sent
561 831 616 892 ent
616 827 648 890 ia
677 849 817 892 versa
783 825 817 912 (a
844 826 984 910 Didymo
1016 830 1052 890 ut
1078 825 1205 889 ridetur

54 931 185 1018 oriunda)
217 932 289 996 aliis
317 932 479 997 codicibus
508 934 610 998 tradit
596 938 631 998 ta
652 934 687 997 in
710 933 786 998 ML
814 955 970 1018 oppressa
997 936 1048 996 cst
1077 936 1206 996 servata

52 1037 121 1102 falsa
141 1061 331 1126 enumerare
356 1040 436 1104 satis
459 1040 577 1106 habeo:
601 1041 635 1104 M
658 1041 736 1106 166
760 1041 1051 1120 carcercareer
1075 1038 1205 1124 (melius

52 1144 182 1211 Ρ11121
211 1151 243 1210 et
260 1145 288 1209 B
308 1146 401 1230 699);
425 1146 458 1210 M
483 1147 498 1209 I
517 1148 559 1211 68
580 1148 754 1228 (αρδόνιοε
772 1149 876 1225 γέλω(
895 1146 935 1232 (Ρ
953 1146 1055 1211 11851
1078 1144 1205 1230 Iungbl.

54 1273 75 1332 p.
91 1252 137 1334 37,
155 1252 308 1336 Lagardii
328 1251 407 1336 ‘ges
427 1251 522 1316 Abh?
542 1277 572 1336 p.
592 1254 666 1335 265,
682 1257 711 1338 ’1,
733 1259 847 1319 nostra
870 1253 956 1317 infra
974 1275 1046 1337 app.
1065 1253 1138 1316 lad
1157 1251 1191 1337 1.)
1198 1274 1205 1328 ;

54 1356 79 1418 Μ
99 1357 166 1422 169
192 1358 273 1437 ὑπὲρ
297 1357 375 1422 ὄνου
400 1363 484 1424 carde
508 1356 549 1445 (P
570 1359 691 1426 111281
714 1359 843 1445 Iungbl.
861 1382 892 1443 p.
911 1356 982 1446 26);
1005 1359 1073 1424 ΜΙ
1092 1359 1135 1424 85
1158 1360 1207 1424 αἲξ

53 1464 150 1542 (κυρία
180 1463 363 1550 (Pa-Diog.
393 1465 530 1530 Vindob.
556 1465 572 1529 1
601 1467 657 1546 62,
686 1468 743 1531 ubi
770 1468 915 1531 notanda
943 1465 1075 1545 ἄμεινον
1108 1468 1143 1530 δὲ
1171 1467 1209 1529 τὸ

54 1574 167 1647 πρῶτον
187 1571 330 1634 formula
347 1570 519 1653 Didymea:
543 1571 581 1635 cf.
600 1576 712 1636 nostra
730 1595 761 1656 p.
781 1573 825 1637 30
843 1578 877 1637 et
895 1570 979 1657 551);
999 1571 1088 1636 1138
1112 1571 1208 1636 ἄκουε

52 1682 98 1739 τοῦ
119 1679 256 1755 τέτταρα
280 1675 347 1741 ὠτα
370 1677 505 1755 ἔχοντα(
535 1676 576 1763 (Ρ
605 1678 695 1743 1541
724 1677 848 1743 Nauck.
873 1680 911 1743 ad
940 1677 1107 1762 Aristoph.
1131 1677 1209 1762 Byz.

53 1781 296 1869 ρ.239);1188
317 1785 489 1849 Οἰδίποδα(
509 1783 582 1863 ἀραί
602 1782 737 1869 (omissa
760 1786 865 1851 altera
883 1785 1023 1850 Parisini
1047 1785 1133 1850 v43
1157 1807 1209 1848 ex·

55 1889 172 1970 plicatio
188 1891 274 1954 haud
290 1891 386 1956 dubie
406 1891 583 1974 simplicior
598 1893 792 1976 saniorque).
825 1892 947 1968 Quibus
963 1891 1043 1956 locis
1058 1892 1210 1956 omnibus

54 1996 207 2060 meliorem
232 1995 413 2060 doctrinam
436 1997 594 2080 praebent
617 1997 743 2062 codices
767 1998 901 2081 volgati.

129 2101 298 2166 Similibus
314 2108 421 2168 autem
436 2104 629 2186 corruptelis
644 2083 895 2169 iam'commune
909 2104 1052 2167 omnium
1067 2105 1211 2200 codicum

54 2209 241 2293 archetypon
264 2210 429 2275 laborasse
453 2211 548 2274 facile
571 2216 681 2293 potest
704 2211 927 2274 demonstrari.
972 2209 1057 2274 Nam
1082 2212 1114 2274 in
1138 2233 1211 2295 pro-

54 2318 149 2381 verbio
179 2317 311 2395 ἔεχατοε
341 2319 459 2382 Μυτῶν
487 2317 667 2382 enarrando
691 2315 725 2380 M
748 2316 826 2380 134
857 2320 890 2381 et
912 2316 940 2378 B
964 2317 1029 2381 363
1058 2316 1116 2403 (=
1141 2341 1213 2402 app.

54 2421 78 2485 ll
99 2424 139 2489 85
171 2422 252 2506 not.)
284 2425 387 2488 solam
419 2425 564 2506 ineptam
600 2423 756 2488 Damonis
790 2426 1028 2489 enarrationem
1061 2426 1214 2489 exhibent

55 2530 97 2611 (cl.
119 2532 221 2597 schol.
244 2531 355 2613 Murip.
375 2531 472 2597 Rhcs.
497 2532 576 2595 244:
603 2530 642 2595 fr.
666 2532 709 2595 20
733 2529 791 2615 Μ.)
815 2554 887 2596 cum
911 2533 1127 2616 explicatione
1149 2555 1215 2598 non

55 2640 148 2703 minus
177 2639 289 2721 inepta
316 2638 369 2702 ἐπὶ
391 2642 458 2702 τῶν
482 2642 616 2718 δυτχερῆ
641 2639 910 2722 ἐπιτααομένων;
939 2639 994 2702 sed
1022 2639 1216 2703 antecedunt

55 2746 140 2809 verba
168 2748 320 2825 μέμνηται
346 2745 464 2823 ταύτης
494 2747 682 2824 Μένανδρος
711 2742 762 2829 (ἐν
790 2743 928 2827 Ἐφετίιμ
956 2743 1026 2809 add.
1051 2743 1152 2808 M==
1176 2745 1214 2809 fr.

55 2852 105 2917 inc.
118 2854 183 2917 481
199 2873 228 2935 p.
243 2852 306 2915 321
323 2849 366 2915 Μ
371 2847 459 2938 ?);a
440 2855 536 2933 atque
554 2851 669 2915 hcet
636 2854 669 2914 et
670 2851 734 2913 iam
749 2851 821 2917 loco
836 2855 1006 2933 poetarum
1020 2852 1214 2915 testimoniis

57 2959 143 3024 adlat‘
119 2963 163 3024 trs
182 2958 360 3023 Damonem
382 2958 579 3040 repulsamt
565 2957 678 3022 tulisse
699 2980 718 3021 a
737 2955 878 3039 Didymo
903 2980 940 3022 eo
961 2958 1059 3021 efficit
1046 2964 1106 3041 tur,
1130 2956 1214 3041 quod

57 3064 82 3127 in
104 3063 127 3129 O
151 3065 216 3129 215
244 3069 319 3148 post
346 3067 459 3128 narrat
444 3063 621 3128 tiunculam
651 3062 929 3127 Demonianam
919 3086 955 3127 m
985 3064 1047 3127 fine
1076 3066 1214 3129 laceram

57 3170 225 3256 legitur..
249 3222 256 3236 .
281 3172 408 3247 λέγοιτο
434 3169 493 3235 οὖν
519 3170 572 3235 ἐπὶ
594 3172 660 3233 τῶν
684 3167 901 3248 ὑπερηφάνω(
923 3171 982 3233 rici
1004 3172 1215 3249 κεχρημένων.

59 3278 105 3340 Καὶ
132 3279 259 3345 εἰώθατι
288 3279 406 3355 λέγειν,
434 3276 485 3340 ὡ(
513 3275 658 3360 ἐτχάτῳ
687 3278 825 3341 Μοεῶν
853 3277 1031 3355 κέχρηταί
1063 3298 1124 3356 μοι
1153 3274 1217 3362 (co-

59 3386 122 3449 mici
145 3381 289 3470 versus),
318 3383 443 3449 scholia
466 3387 574 3447 autem
597 3382 680 3447 Plat.
704 3382 836 3447 Theaet.
859 3405 891 3465 p.
915 3383 979 3447 366
1003 3383 1087 3448 Blrk.
1113 3384 1218 3448 solam

60 3513 158 3556 veram
183 3490 316 3575 Didymi
344 3491 593 3575 explicationem
622 3490 780 3573 praebent
809 3490 861 3554 ἐπὶ
888 3493 954 3553 τῶν
984 3491 1219 3555 εὐτελεετάτων

60 3599 122 3662 aliis
141 3600 264 3663 duobus
288 3598 483 3663 testimoniis
504 3595 684 3684 (Magnetis
703 3597 828 3661 Poastr.
848 3597 885 3660 fr.
904 3597 925 3661 5
949 3619 980 3680 p.
999 3599 1018 3661 8
1038 3597 1076 3661 Κ.
1096 3602 1130 3661 et
1152 3598 1220 3661 Me·

60 3706 165 3769 nandri
191 3704 333 3789 Androg.
362 3727 442 3769 corn.
465 3703 512 3768 IV
536 3728 566 3789 p.
591 3704 633 3769 86
656 3702 713 3788 Μ.)
743 3705 920 3786 firmatam,
953 3704 1069 3787 quibus
1097 3704 1220 3769 accedit

61 3809 164 3875 Cicero
186 3834 244 3897 pro
267 3810 372 3876 Flaec.
395 3813 452 3895 21,
471 3811 513 3875 65
542 3809 630 3894 ‘quid
657 3832 754 3893 porro
777 3811 812 3874 in
836 3808 958 3875 Graeco
983 3833 1129 3875 sermone
1153 3815 1217 3874 tam

125 3989 150 4053 1)
172 3986 210 4041 cf.
229 3986 418 4041 Romanorum
438 3986 584 4041 ‘mundum
601 3974 758 4055 patentcm'
778 3989 865 4054 atque
883 3985 1030 4041 simillima
1047 3986 1098 4040 illa
1115 4004 1133 4039 a
1151 3986 1220 4038 Var-

62 4091 120 4129 rone
138 4076 242 4129 tradita
261 4076 308 4130 ‘de
328 4076 388 4130 vita
405 4093 469 4145 pop.
488 4075 580 4129 Rom?
606 4075 681 4145 apud
699 4075 821 4138 Nonium
839 4094 866 4144 ρ.
887 4081 951 4131 135:
978 4074 1091 4145 ‘cuibus
1113 4077 1220 4143 tempo-

64 4163 131 4217 ribus
145 4164 176 4217 in
191 4165 275 4219 sacris
289 4165 382 4219 fabam
392 4164 500 4219 iactant
513 4164 598 4218 noctu
608 4180 641 4217 ac
651 4163 784 4218 dicuntae
794 4166 922 4219 lemuricc
930 4167 1009 4220 domo
1018 4170 1097 4217 extra
1105 4165 1221 4217 ianuam

64 4254 156 4307 eicere?
190 4253 273 4308 Plura
290 4252 437 4322 praebebit
454 4254 567 4322 praeter
585 4251 740 4307 Prellerum
761 4251 915 4308 ‘Demeter'
934 4272 962 4322 p.
985 4260 1032 4307 121
1044 4252 1078 4282 ¹¹¹
1096 4251 1221 4321 Lippert.

66 4340 237 4397 ‘Seelencult'
253 4360 280 4411 p.
296 4349 330 4396 23
345 4361 395 4412 sq„
414 4343 461 4412 qui
478 4342 665 4412 ‘Religionem’
683 4360 710 4412 p.
725 4348 778 4396 319
792 4342 912 4397 coniecit
926 4341 1002 4410 quod
1016 4342 1043 4394 h.
1058 4341 1077 4395 l.
1091 4340 1214 4395 traditur

111 4441 223 4493 Canama,
242 4441 363 4483 Analecta.
993 4436 1010 4484 4
