2925 5050
707 257 923 322 „33-

228 440 316 484 ουςιν
348 441 408 503 pro
438 421 477 484 ὃν
505 418 567 502 (se.
595 416 716 502 τόπον)
746 418 775 484 d.
804 440 870 498 πρ.;
902 417 952 482 ΙΠ
982 419 1025 482 34
1052 416 1087 481 Μ
1119 417 1161 482 29
1189 417 1216 480 L
1246 415 1384 503 (Pseudo
1427 457 1428 463 κ

229 527 326 612 plut.)
350 528 536 612 corruptela
560 526 718 612 gliscente
742 526 898 605 ἐραςμίων
922 522 1169 611 διδαςκὰλωνῑ).

318 635 367 698 Ex
397 634 504 699 codice
533 635 668 698 alterins
696 633 813 699 elassis
842 630 920 719 (*π)
947 633 982 696 in
1009 631 1032 695 S
1056 632 1129 696 Ald.
1156 636 1310 717 excerpto
1334 655 1389 696 nou
1430 638 1431 643 ’

230 743 312 808 mibi
335 741 474 826 contigit
504 741 619 805 elicere
648 763 730 824 quae
760 740 896 806 alieuius
925 743 1034 804 essent
1061 739 1167 824 pretii
1217 739 1390 804 Parisinum

230 852 282 915 vel
299 849 437 914 Parisini
457 847 661 912 simillimum
676 871 750 913 eum
768 848 878 930 fuisse,
898 850 931 911 et
949 847 1051 912 mirae
1066 847 1185 931 ubique
1199 847 1390 931 corruptelae

231 977 417 1022 communes
451 954 603 1020 evincunt
635 959 668 1018 et
700 955 765 1020 loci
792 954 1006 1038 Apollodorei
1039 954 1220 1038 proverbiis
1249 953 1391 1033 Ἀδμήτου

232 1067 336 1144 μέλος,
360 1062 542 1141 Ἀδράςτειοι
566 1064 704 1140 Νέμεςις,
728 1063 821 1141 Αἰθὴς
845 1064 968 1128 πέπλος
992 1061 1046 1126 all.
1069 1060 1293 1126 adhaerentes.

321 1169 473 1235 Ceterum
499 1168 606 1232 tribus
630 1168 697 1231 suis
720 1167 868 1233 fontibus
891 1167 1056 1252 primariis
1081 1205 1122 1212 -
1146 1167 1235 1232 codd.
1260 1165 1318 1250 *1,
1344 1165 1394 1247 *π,
1434 1173 1435 1178 ’

233 1277 321 1343 Suid.
344 1313 386 1322 -
410 1278 458 1339 ita
481 1297 557 1338 usus
589 1278 639 1337 est
667 1274 722 1357 qui
746 1273 958 1339 Scorialensis
987 1277 1020 1338 et
1043 1274 1181 1338 Aldinae
1205 1275 1393 1359 archetypon

233 1383 428 1468 composuit,
463 1386 513 1465 ut,
546 1381 631 1446 idern
664 1381 874 1465 prouerbium
901 1381 930 1445 si
961 1382 1175 1466 praebebant,
1203 1384 1261 1445 aut
1291 1403 1394 1444 omnes

235 1513 346 1558 eorum
366 1489 599 1573 explicationes
615 1488 765 1552 omnibus
784 1489 893 1553 verbis
912 1489 1070 1573 reciperet
1088 1494 1145 1553 aut
1159 1492 1257 1573 prout
1270 1489 1396 1552 lubebat

235 1621 332 1663 unam
352 1598 530 1699 alteramve
550 1595 686 1681 eligeret
700 1595 817 1660 ceteris
832 1595 974 1659 omissis:
998 1595 1054 1660 ubi
1073 1596 1204 1660 difficile
1219 1599 1270 1660 est
1284 1600 1397 1659 certam
1432 1562 1439 1705 1

236 1728 334 1790 quam
364 1706 492 1768 secutus
522 1701 565 1765 sit
595 1700 755 1765 rationem
783 1722 987 1785 cognoscere.
1033 1701 1206 1782 Nunquam
1231 1708 1335 1766 anim
1359 1702 1397 1764 di·
1435 1714 1440 1789 ξ

234 1833 338 1877 versas
361 1810 548 1874 recensiones
571 1807 803 1889 contaminavit,
825 1806 926 1870 immo
950 1806 1097 1889 singulas
1122 1807 1162 1871 ad
1181 1808 1317 1871 verbam
1335 1807 1398 1870 reli·
1440 1872 1442 1893 Ι

236 1917 420 2005 giosissime
448 1914 619 1998 exscripsit
647 1912 777 1977 etiamsi
805 1913 917 1978 eadem
950 1913 1160 1978 continebant
1190 1913 1312 1978 eisdem
1340 1914 1400 1976 fere

236 2026 343 2090 verbis
364 2024 459 2088 dicta.
493 2022 665 2086 Praeterea
680 2019 779 2084 etiam
799 2042 837 2083 ex
856 2020 931 2084 aliis
950 2020 1096 2085 fontibus
1117 2021 1275 2104 quaedam
1288 2020 1400 2085 bausit.
1442 2010 1443 2015 ¹

237 2131 441 2218 Quamquam
473 2129 604 2194 illorum
633 2148 714 2210 quos
742 2130 888 2191 recenset
912 2126 1072 2192 Grauxius
1101 2153 1132 2213 p.
1160 2129 1224 2192 219
1247 2128 1401 2212 plurimos
1444 2196 1445 2199 Ἴ

236 2261 294 2325 per
319 2261 417 2302 unum
437 2235 569 2301 Suidam
589 2234 735 2300 codicum
755 2232 865 2298 SAld.
884 2236 1091 2320 compilatori
1114 2235 1294 2300 innotuisse
1312 2235 1401 2299 credo

238 2345 292 2431 (cf.
317 2344 470 2408 Warnlrr.
497 2367 527 2427 p.
556 2339 605 2428 6),
633 2343 724 2406 velut
752 2341 1060 2426 Harpocrationcm‚
1088 2342 1178 2408 ouius
1206 2363 1306 2406 unum
1334 2363 1401 2425 pro·
1446 2410 1447 2421 .

237 2429 384 2518 virbium
409 2474 429 2515 a
452 2449 551 2514 Suida
579 2450 736 2514 omissum
764 2449 843 2529 ἔργα
872 2454 956 2515 νεῶν
984 2454 1049 2516 κτλ.
1077 2446 1123 2535 (p.
1147 2451 1202 2532 85,
1229 2450 1269 2512 14
1292 2447 1403 2533 Bekk.)
1447 2494 1448 2548 ,

237 2562 330 2625 atiani
352 2561 387 2623 in
405 2560 527 2623 Aldina
549 2558 749 2638 desideratur,
771 2579 846 2621 cum
864 2561 970 2622 cetera
989 2557 1196 2621 inveniantur
1215 2556 1326 2621 eadem
1345 2579 1403 2639 qua

239 2666 324 2751 apud
352 2662 486 2729 Suidam
519 2663 681 2748 epitomae
709 2662 880 2728 Palatinae
908 2664 1094 2729 recensione
1122 2664 1337 2729 conformata:
1369 2662 1403 2726 cf.

238 2774 319 2852 ἀρχὴ
344 2772 446 2850 ἄνδρα
470 2770 604 2835 beianum
627 2768 785 2854 Harpocr.
808 2794 838 2854 p.
864 2771 916 2853 36,
937 2770 1085 2866 15‚·Ald.
1106 2771 1165 2835 ool.
1184 2771 1228 2835 45
1248 2802 1290 2823 =
1309 2768 1403 2850 Suid3

239 2878 340 2957 ἀρχὴν
365 2878 465 2942 ἰᾶςθαι
490 2881 556 2941 κτλ.
579 2900 609 2959 p.
633 2877 686 2960 36,
711 2877 762 2959 19,
784 2875 858 2939 Ald.
882 2877 943 2941 ool.
966 2878 1009 2941 46
1033 2908 1076 2931 --
1100 2877 1201 2961 Snid.;
1231 2877 1324 2957 ἀφεὶς
1351 2880 1404 2955 τὴν

239 2985 362 3062 ὑπέραν
386 2987 451 3047 κτλ.
470 3004 501 3066 p.
520 2982 573 3064 42,
595 2983 644 3059 11,
664 2981 802 3061 ἀφέντες
821 3004 848 3046 τ.
866 2982 895 3047 ὑ.
913 2981 987 3047 Ald.
1004 3014 1045 3035 =
1061 2981 1164 3067 Suid3
1187 2987 1262 3049 τοὺς
1282 2984 1405 3061 ἑτέρους

238 3092 425 3173 τραγῳδοὺς
449 3089 632 3166 ἀγωνιεῖται
655 3112 685 3172 p.
709 3089 780 3171 176,
807 3090 856 3172 19,
880 3087 953 3154 Ald
977 3091 1037 3155 ool.
1061 3092 1123 3156 321
1150 3122 1192 3143 =
1216 3090 1303 3156 Suid
1347 3088 1406 3153 Sed

240 3198 318 3261 haec
337 3197 473 3281 longum
492 3199 543 3259 est
560 3195 719 3279 persequi.
757 3194 868 3260 Unum
886 3196 977 3280 addo,
997 3199 1083 3280 quod
1100 3198 1186 3264 baud
1202 3221 1276 3264 raro
1291 3219 1406 3282 magna

240 3307 301 3368 est·
319 3303 414 3366 huius
438 3302 649 3366 conlectionis
678 3302 859 3367 similitudo
890 3326 964 3367 eum
987 3305 1179 3390 Apostoli03
1208 3328 1286 3371 nam
1313 3306 1406 3369 etiam

239 3408 367 3474 novicia
404 3409 462 3473 illa
496 3412 679 3473 commenta
709 3431 781 3474 oum
817 3410 898 3494 ipsis
936 3410 1105 3477 ‘historiis’
1140 3434 1179 3475 er
1211 3412 1407 3497 Palaephato

239 3515 388 3601 repetitis
413 3519 445 3578 et
470 3513 568 3579 Suida
588 3518 725 3580 Γλαῦκος
749 3519 866 3596 φαγὼν
890 3518 974 3583 πόαν
998 3522 1075 3597 κτλ,
1104 3520 1247 3598 Γοργόνα
1269 3520 1406 3597 Περςεὺς

240 3623 442 3702 ἐχειρώςατο,
455 3619 580 3706 (soboli.
590 3622 722 3687 Aristid.
732 3645 763 3705 p.
772 3625 834 3688 281
846 3621 922 3709 Fr),
933 3624 1098 3705 Ἀντιόπης
1108 3632 1224 3705 θρῆνος
1235 3625 1288 3707 (cf.
1297 3625 1404 3689 Hiller.

239 3729 324 3794 Phil.
347 3726 487 3793 XXXIV
510 3751 540 3813 p.
564 3726 643 3814 229)
668 3730 782 3813 Apost.
805 3729 836 3794 V
859 3731 901 3793 49
925 3732 967 3796 58
991 3731 1039 3796 Ill
1062 3736 1077 3797 1
1099 3737 1229 3797 exstant
1252 3732 1325 3798 Ald
1347 3731 1405 3794 ool.

241 3839 281 3902 61
308 3836 350 3900 62
375 3836 432 3918 36,
456 3834 539 3899 mira
561 3836 727 3920 Apostolii
750 3835 800 3899 Ill
823 3838 867 3900 64
889 3838 986 3902 lectio
1010 3837 1168 3918 ἀπήντηςε
1192 3844 1307 3904 κακοῦ
1329 3841 1403 3918 βολὴ

240 3946 321 4023 πρὸς
344 3942 525 4021 ὑπερτάτην
548 3942 639 4022 ἄτην,
664 3966 728 4026 qua
752 3930 988 4027 veteris'lyrici
1012 3948 1049 4009 ut
1071 3946 1152 4009 mibi
1174 3946 1302 4010 videtur
1322 3945 1405 4029 frag-

313 4122 339 4189 1)
365 4120 420 4174 Ubi
439 4118 566 4187 speciosa
585 4118 744 4173 coniectura
763 4116 918 4173 Schoelliua
941 4139 968 4189 p.
988 4078 1086 4175 seara
1103 4120 1178 4193 (τὸ)
1196 4124 1296 4177 κάλλος
1312 4124 1354 4189 (of.
1372 4119 1403 4188 L)

238 4208 376 4265 restituit:
395 4208 449 4261 nisi
468 4207 595 4276 praestat
613 4208 657 4260 διὰ
676 4210 775 4261 κάλλος
793 4211 826 4262 ut
843 4208 930 4263 babes
949 4210 978 4263 in
997 4214 1163 4279 argumento
1180 4211 1317 4281 persimili
1334 4210 1404 4278 apud

240 4301 409 4370 Hesychiuru
430 4319 449 4353 s.
470 4317 495 4351 v.
517 4298 657 4364 Κορίνθιος
680 4300 758 4353 ξένος
777 4342 782 4354 .
804 4343 809 4353 .
833 4340 839 4352 .
863 4302 902 4353 ὡς
925 4301 955 4353 δὲ
974 4301 1109 4355 Ἄτταλος
1127 4303 1157 4355 ἐν
1175 4308 1217 4370 τῷ
1234 4305 1297 4369 περὶ
1314 4316 1403 4366 παροι-

241 4396 310 4455 μιῶν
329 4392 449 4443 ἐπὶτῶν
469 4387 483 4420 *
502 4388 516 4419 *
536 4388 550 4421 *
571 4390 624 4443 διὰ
647 4392 771 4445 κάλλος
789 4393 828 4446 ac
846 4391 1111 4458 ὁΒελλεροφὸντης.
