2925 5050
683 249 877 313 ..3.,

197 406 258 500 e'go
283 401 453 477 observavi
476 410 632 474 Erasmus
659 431 700 474 ne
723 432 824 474 unum
847 408 977 493 quidem
1000 431 1039 472 cx
1061 407 1248 492 proverbiis
1265 405 1390 472 Athoi

198 543 280 606 quae
308 520 343 584 in
369 519 395 584 L
425 517 647 582 desiderantur
674 517 882 590 collectaneis
910 516 976 580 illis
1009 539 1043 580 se
1076 516 1191 580 debere
1218 518 1390 580 testatur.
1458 535 1459 538 ’

197 628 312 712 Itaque
334 627 465 692 Erosmi
487 626 578 691 codex
600 625 810 690 Laurentisne
829 624 975 707 pamelius
996 623 1125 688 videtur
1147 623 1256 688 fuisse.

287 806 406 872 Ordine
426 809 458 871 et
477 805 583 889 specie
603 804 819 868 conlectiones
835 803 952 868 horum
967 802 1113 868 codicum
1128 801 1210 889 (ML
1224 800 1388 888 Erasm.)

199 939 218 980 a
240 914 384 1001 volgatis
408 912 547 980 maxime
571 914 647 975 sunt
671 909 825 976 diversae.
870 909 958 975 Nam
984 913 1021 975 in
1046 916 1192 993 quattuor
1208 911 1390 992 prioribus

192 1021 356 1102 proverbio
378 1020 414 1084 ta
437 1020 554 1084 Ilttercs
576 1019 692 1100 dipcsto
713 1037 776 1081 noa
797 1022 879 1097 sant,
902 1017 958 1089 sed
976 1018 1068 1082 nullo
1092 1017 1222 1082 omnino
1247 1017 1389 1100 ordine,

167 1125 168 1128 ’
198 1131 234 1191 ut
257 1127 364 1211 primo
388 1124 497 1191 credes
522 1125 647 1203 obtutu,
672 1123 766 1208 quasi
789 1123 1005 1188 effimduntur.

287 1241 514 1326 Antiquiorem
543 1262 612 1304 esse
634 1241 719 1306 hanc
743 1239 963 1306 condicionem
986 1244 1019 1304 et
1047 1239 1206 1304 veriorem
1234 1241 1386 1325 volgata

200 1353 232 1414 et
246 1349 355 1413 Miller
375 1348 499 1413 censuit
513 1346 648 1412 Miscell.
662 1370 693 1431 p.
712 1348 778 1412 342
796 1351 829 1411 et
842 1347 993 1432 exposuit
1006 1345 1256 1412 Warnlrrossius
1271 1371 1302 1432 p.
1320 1348 1387 1430 10,

198 1461 286 1522 certo
311 1459 420 1522 autem
439 1458 632 1540 argumento
652 1438 878 1539 comprobavit
897 1453 1106 1540 Iungblutius
1125 1453 1306 1539 quaestion.
1335 1453 1385 1517 de

198 1563 414 1650 paroemiogr.
438 1586 468 1647 p.
492 1564 606 1646 sssqq,
630 1583 702 1626 cum
726 1560 973 1646 demonstraret,
996 1561 1181 1647 ‘proverbia
1200 1561 1387 1626 conlectio·

175 1719 176 1724 η
198 1694 276 1736 num
299 1669 420 1735 Milleri
448 1668 633 1734 litterarum
661 1668 772 1733 ordine
800 1667 959 1754 disposita
989 1668 1101 1734 eodem
1124 1667 1235 1734 ordine
1259 1690 1293 1732 se
1318 1690 1385 1731 ex-

200 1779 305 1865 cipere
334 1781 431 1862 atque
460 1799 511 1860 ea,
540 1798 622 1860 quae
649 1776 684 1839 in
711 1770 806 1839 libris
834 1777 979 1861 corporis
1003 1774 1383 1861 paroemiographorum

197 1882 473 1970 invenirentur'.¹)
524 1882 834 1948 Luculentissimum
866 1883 1002 1967 denique
1039 1883 1192 1948 indicium
1223 1882 1383 1967 ipsorum

200 1992 345 2058 codicum
368 1991 577 2076 volgatorum
605 1989 670 2054 loci
698 1989 830 2073 quidam
859 1991 955 2054 edent
977 1991 1063 2054 infra
1087 1988 1156 2077 (52
1178 2014 1209 2074 p.
1227 1987 1281 2076 16)
1305 1993 1384 2054 tra-

202 2099 311 2164 ctandi
338 2099 395 2162 ubi
418 2097 552 2162 voculae
580 2082 735 2182 leguntur
763 2119 845 2181 quae
873 2097 1022 2182 intellegi
1048 2120 1115 2162 non
1142 2093 1279 2181 possu'nt
1306 2096 1384 2160 nisi

199 2206 302 2272 Athoi
325 2203 435 2270 ordine
460 2208 589 2268 servato
613 2203 816 2300 restitutore,
839 2203 931 2268 velut
948 2202 1067 2268 Zenob.
1089 2203 1116 2266 P
1139 2203 1246 2268 1128.

287 2321 461 2386 Praeterea
487 2319 596 2384 Miller
624 2318 807 2404 suspicatus
836 2323 899 2404 est,
927 2322 993 2383 tres
1021 2319 1147 2404 priores
1170 2317 1274 2383 Athoi
1297 2342 1378 2384 con-

199 2428 354 2494 lectiones
388 2427 522 2492 Zenobii
553 2427 628 2491 illas
661 2449 730 2491 esse
764 2451 783 2492 a
815 2425 913 2491 Suida
944 2430 1099 2492 notatas..
1131 2425 1201 2492 Nec
1228 2427 1380 2490 dubitari

199 2539 318 2622 potest,
342 2536 421 2620 quin
443 2536 538 2599 unius
561 2535 668 2621 operis
693 2535 759 2599 sint
781 2539 905 2619 partes:
928 2557 1005 2599 nam
1032 2570 1070 2583 -
1096 2536 1182 2619 quod
1205 2539 1292 2600 recte
1315 2558 1380 2619 ap-

199 2643 336 2729 pellavit
361 2642 610 2708 Warnkrossius
637 2666 667 2727 p.
695 2639 769 2727 11²)
791 2678 836 2688 -
859 2642 1000 2726 quinque
1027 2643 1080 2707 vel
1113 2664 1168 2706 sex
1199 2635 1380 2726 proicrbia

197 2856 320 2925 peccalo
342 2854 428 2924 (quod
451 2852 551 2910 melius
575 2852 707 2924 congruit
728 2852 911 2907 Laurentiani
934 2852 1021 2922 copiis
1045 2852 1151 2922 recisis)
1179 2869 1262 2922 ecqua
1287 2854 1379 2921 seme

200 2946 286 2999 nodo.
310 2974 344 2983 —
368 2942 498 2999 Ceterum
520 2942 633 3013 inipso
656 2942 707 2997 illo
731 2941 858 2996 Parisino
882 2941 1024 2996 codicibus
1047 2941 1113 2995 ML
1137 2941 1280 2996 simillimo
1304 2942 1379 2997 olim

200 3032 348 3103 proverbia
366 3030 506 3086 exstitisse
525 3030 699 3099 crediderim,
718 3048 782 3085 cum
795 3028 962 3099 praesertim
975 3031 1125 3101 proverbia
1137 3029 1237 3085 Athois
1251 3030 1378 3086 Lauren-

200 3120 340 3190 tianisque
359 3121 504 3175 simillima
522 3119 634 3174 saeculo
653 3118 720 3173 XVI
738 3119 853 3173 incunte
868 3118 998 3175 Lutetiae
1011 3119 1183 3175 Parisiorum
1200 3120 1288 3174 fuisse
1306 3120 1377 3175 inde

200 3210 341 3281 conligere
358 3210 455 3277 liccat,
475 3209 550 3279 quod
569 3209 602 3264 H.
624 3208 783 3278 Stephanus
801 3208 831 3263 in
849 3210 983 3265 thesauro
997 3229 1023 3266 v.
1043 3212 1131 3278 κράδη
1148 3210 1213 3279 (vol.
1223 3210 1262 3264 IV
1275 3209 1373 3277 Dind)

166 3316 167 3320 ¹
202 3298 404 3359 e‘Zenodcto’
434 3299 463 3369 (i.
488 3316 511 3355 c.
535 3298 670 3368 Zenobio,
698 3314 791 3353 errore
818 3300 984 3370 pervolgato
1012 3300 1046 3354 cf.
1074 3300 1148 3354 Lena
1175 3300 1277 3355 Philol.
1306 3298 1376 3353 XXI

201 3405 228 3458 p.
248 3390 311 3457 385)
336 3388 475 3456 quaedam
498 3386 580 3443 affert
602 3387 642 3443 eis
665 3405 737 3457 quae
756 3388 785 3441 M
804 3388 843 3441 ΙΠ
863 3395 914 3443 166
932 3389 954 3442 L
974 3389 1070 3458 (Plut.)
1091 3395 1142 3443 116
1164 3389 1297 3459 leguntur
1313 3388 1375 3444 iere

200 3475 322 3547 gemina.
360 3476 415 3531 Sed
438 3494 510 3532 nunc
533 3476 647 3545 quidem
670 3476 827 3547 disceptare
849 3478 928 3545 nolo,
956 3477 1115 3547 potueritne
1138 3478 1271 3532 Erasmus
1292 3478 1374 3533 Pari-

201 3565 262 3621 sino
281 3565 334 3633 uti,
359 3582 423 3632 curn
446 3566 519 3621 teste
537 3567 691 3621 Wcschero
713 3566 801 3635 (apud
822 3566 934 3623 Frcssn.
952 3585 980 3636 p.
1000 3570 1026 3636 9)
1046 3566 1082 3621 ab
1100 3568 1223 3623 Antonio
1241 3568 1377 3637 Xparcho¹

203 3654 248 3725 (de
268 3672 324 3724 quo
344 3656 515 3710 consulenda
534 3655 643 3711 erudita
662 3656 693 3711 R.
714 3654 855 3711 Foersteri
874 3654 1027 3725 disputatio
1045 3653 1114 3710 Mus
1133 3654 1222 3711 Rhcn.
1244 3654 1375 3710 XXXVII

201 3762 228 3813 p.
248 3750 300 3798 492
311 3746 383 3815 sqq.)
410 3744 558 3800 Francirco
580 3745 594 3799 I
616 3744 689 3799 dono
712 3744 795 3801 datus
816 3743 854 3800 eit
880 3747 945 3813 post
971 3744 1107 3800 chiliades
1133 3744 1255 3815 primum
1282 3745 1373 3801 editas

199 3833 336 3903 regnanti.
1173 3825 1196 3847 “

276 3925 301 3993 1)
320 3921 430 3993 Inspice
448 3923 559 3979 tabulas
577 3922 721 3994 Iungbluti
744 3942 772 3993 p.
792 3929 808 3977 7
818 3940 879 3991 sqq.
916 3920 994 3977 Idem
1015 3921 1099 3977 facilc
1117 3923 1160 3977 est
1177 3923 1325 3980 observare
1343 3926 1374 3981 in

203 4012 304 4081 quarta
318 4011 492 4069 coniectione
507 4029 579 4081 quac
592 4010 755 4082 Iungblutio
774 4011 999 4068 dissertationem
1018 4028 1081 4067 cum
1100 4012 1288 4067 conscriberet
1303 4030 1372 4069 non·

203 4100 269 4155 dum
287 4102 355 4157 nota
373 4104 441 4159 crat

275 4194 302 4260 2)
321 4190 437 4245 Frustra
455 4189 619 4245 adversatur
637 4189 814 4261 Iungblutius
831 4208 859 4260 p.
878 4196 904 4259 4,
923 4205 975 4244 nec
993 4207 1064 4259 quae
1082 4190 1143 4261 ipsc
1166 4189 1323 4263 composuit
1343 4213 1371 4264 p.

204 4288 292 4351 tsqq.
310 4298 370 4336 rem
389 4279 586 4349 comprobant,
609 4278 696 4333 immo
717 4278 790 4334 nihil
813 4279 891 4335 aliud
913 4279 1118 4349 demonstrant,
1140 4280 1196 4336 nisi
1218 4300 1253 4337 ex
1275 4282 1371 4339 codice

206 4370 297 4428 Athon
317 4368 403 4424 simili
421 4369 550 4441 volgatas
568 4367 705 4440 originem
724 4368 833 4425 ducere.
