2925 5050
528 249 772 312 -117-

55 411 183 475 verbiis
213 434 285 475 eum
318 410 376 475 illa
403 411 599 475 inserturum
628 409 729 475 fuisse
757 413 850 475 tanta
879 409 1048 497 diligentia
1074 433 1233 495 nusquam

58 517 131 581 fere
155 521 192 581 ut
211 518 289 582 ordo
310 538 421 582 eorum
439 498 637 600 turbaretur,
659 537 764 601 neque
784 538 865 600 quae
884 516 1009 583 nullum
1025 519 1151 585 lexicon
1170 540 1237 584 non

56 625 249 690 continebat
271 648 348 690 vera
369 623 541 708 proverbia
568 623 710 689 indidem
738 644 805 687 non
833 625 1065 691 mutuaturum.
1115 624 1235 711 lareyo

56 734 157 815 mitur
179 732 230 797 illi
252 734 376 797 ordines
397 752 413 796 e
435 731 530 796 lecim
552 735 626 795 seat
647 731 825 812 deprompti.

150 839 240 916 Quae
273 839 435 903 sententia
467 837 553 902 haud
587 837 781 902 mediocrem
813 838 972 921 acciperet
1005 841 1233 906 auctoritatem

58 948 229 1031 fidemque,
253 946 281 1011 si
303 944 399 1011 lexici
423 944 512 1009 illius
536 943 673 1028 vestigia
697 944 730 1008 in
755 946 905 1010 tenuibus
929 947 1024 1011 huius
1048 948 1231 1013 litterarum

59 1054 186 1138 generis
210 1075 292 1139 quae
312 1053 352 1118 ad
369 1056 515 1117 nostram
535 1055 677 1116 aetatem
695 1057 912 1135 pervenerunt
930 1055 1074 1138 reliquiis
1093 1055 1233 1121 indicare

60 1162 181 1228 liceret.
223 1158 337 1246 Neque
362 1182 435 1245 spes
459 1159 555 1224 fallit.
598 1156 696 1223 Suida
715 1158 845 1243 quidem
869 1165 901 1225 et
924 1160 1088 1247 Hesychio
1113 1164 1147 1229 in
1170 1165 1231 1229 hac

59 1268 246 1353 quaestione
269 1269 318 1333 uti
341 1290 407 1333 non
429 1290 614 1352 possumus,
646 1288 718 1331 cum
743 1290 781 1332 ex
805 1269 875 1352 ipso
899 1268 1041 1336 Zenobio
1068 1310 1105 1320 —
1131 1295 1232 1360 eoque

58 1376 196 1441 sortasse
229 1376 428 1441 recensionis
460 1376 611 1460 volgatae
643 1412 680 1422 -
711 1375 807 1439 ditati
838 1376 1017 1443 videantur.
1070 1376 1132 1443 Sed
1163 1363 1233 1463 ipse

59 1483 201 1562 Plotius,
230 1484 286 1567 qui
309 1481 450 1549 Zenobio
478 1505 638 1567 nusquam
667 1485 717 1546 est
736 1482 837 1565 'usus,
866 1505 961 1566 quam
991 1485 1130 1550 maxime
1154 1487 1234 1551 facit

60 1591 92 1655 in
107 1594 261 1657 'nostram
285 1613 368 1656 rem:
391 1613 467 1656 nam
486 1590 672 1673 interpolato
690 1590 747 1653 illa
767 1590 929 1673 uocales
945 1592 1095 1675 pleraque
1118 1596 1233 1671 omnia,

60 1699 144 1763 leuel
163 1719 238 1763 roro
263 1700 375 1765 aedem
393 1698 490 1764 laos
508 1702 665 1782 marrata,
687 1698 773 1781 apud
789 1698 880 1763 illum
897 1700 1099 1781 reperiantur.
1142 1700 1231 1777 Quae

63 1807 245 1872 observatio
270 1806 309 1871 ad
325 1806 480 1871 Photium
499 1806 604 1892 magis
623 1804 934 1890 lexicographosque
953 1806 1118 1891 pertinens
1134 1830 1230 1892 quam

63 1913 97 1976 ad
112 1913 423 1999 paroemiographos
438 1935 510 1978 cum
525 1912 605 1977 satis
621 1912 789 1978 commode
804 1912 959 1996 explicari
973 1915 1151 2000 transigive
1165 1938 1232 1980 non
1325 1938 1327 1941 ·

64 2022 162 2104 possit
175 2021 240 2085 nisi
255 2025 348 2087 vasta
363 2021 582 2105 exemplorum
597 2020 684 2084 mole
701 2042 774 2084 cum
789 2042 865 2084 cura
880 2023 1023 2086 tractata
1036 2022 1230 2107 quaestioni·

63 2128 342 2214 busquedePhoti
360 2128 544 2233 auctoritus
559 2127 700 2211 exceptis
715 2127 943 2213 coniectisque,
959 2123 1024 2193 alio
1039 2130 1111 2194 loco
1126 2128 1230 2195 fusius

66 2241 248 2322 exponetur,
256 2259 347 2301 nuuc
362 2241 466 2301 autem
483 2236 597 2321 primis
614 2237 742 2300 tautum
757 2235 851 2300 lineis
868 2236 961 2319 quasi
977 2236 1229 2302 adumbrabitur.

144 2343 262 2409 Paucis
289 2344 391 2430 igitur
419 2341 585 2408 ordinibus
613 2342 818 2427 interpolatis
847 2364 919 2407 cum
943 2342 1114 2409 Photianis
1142 2366 1228 2410 com·
1286 2382 1289 2389 .

65 2563 180 2624 matum
203 2582 288 2643 pars,
312 2560 371 2623 sub
397 2577 411 2641 β
435 2591 453 2638 γ
475 2561 492 2626 δ
517 2556 626 2622 omnia
649 2559 780 2623 omnino
800 2559 834 2622 in
852 2557 961 2623 Photii
981 2559 1083 2624 lexico
1107 2560 1235 2634 desicie-¹

66 2669 169 2731 rentur
192 2666 387 2732 coniecturis
411 2688 493 2750 quae
516 2665 555 2730 de
578 2665 628 2730 his
647 2665 797 2750 partibus
817 2665 954 2749 proferri
974 2666 1081 2730 solent
1099 2667 1229 2733 omissis

68 2794 99 2835 ex
111 2774 240 2858 reliquis
261 2773 417 2858 quaedam
433 2773 592 2858 eligamus
610 2773 707 2857 inque
722 2795 817 2837 usum
830 2776 979 2838 nostrum
994 2778 1229 2839 convertamus.

66 2876 169 2963 ltaque
191 2880 293 2946 habes

161 3004 190 3069 Β
213 3004 277 3070 457
302 3036 344 3059 =
368 3004 395 3068 P
417 3003 465 3069 Ν
488 3005 508 3069 e
737 2959 738 2962 ‘
784 2975 878 3092 enoc.
900 3003 917 3068 1
939 3028 970 3089 p.
989 3005 1055 3071 250
1072 3003 1113 3072 u.

96 3128 230 3196 Ζωπύρου
247 3129 384 3182 τάλαντα·
402 3129 434 3182 Ζ.
450 3128 466 3180 ὁ
483 3128 614 3193 Πὲρεη(
703 3130 735 3183 Ζ.
753 3145 792 3184 τ.·
818 3131 949 3195 Koounos
972 3130 1002 3183 ἑν
1019 3128 1142 3199 Πυλαίᾳ·
1166 3136 1229 3185 του-

70 3218 429 3286 βαειλεῖχαριῑόμενοε,
449 3218 613 3285 μαετιγώ-
667 3218 719 3272 τόν
739 3235 805 3286 φηα
824 3219 988 3284 Θεόπομπος
1007 3261 1013 3272 .
1034 3260 1039 3272 .
1061 3260 1066 3271 .
1091 3220 1227 3288 Πέρεην

70 3320 114 3358 roc
131 3308 256 3362 ἑαυτὸν
271 3310 323 3361 καί
338 3310 400 3375 τὴν
418 3310 493 3375 ῥῑνα
508 3308 614 3360 καὶτὰ
669 3309 739 3361 ὄντα
757 3309 812 3361 ὑπὸ
831 3306 986 3374 φιλοτιμία(
1004 3309 1228 3375 χαριζόμενον

71 3393 127 3449 tro
140 3398 312 3465 tacitusve(
326 3395 486 3450 εἰεελθὼν
501 3395 614 3450 echo-
670 3393 794 3463 βαὲιλεϊ
809 3401 1014 3462 μαετιγῶεαι
1028 3399 1163 3453 ἑαυτὸν·
1174 3401 1229 3454 καὶ

72 3485 190 3545 βυλῶνο
217 3484 298 3558 <rel
324 3483 541 3558 πιετευθείε>
569 3486 614 3539 διὰ
668 3491 728 3554 τῆε
751 3487 844 3554 ῥινὸς
871 3489 925 3539 καὶ
948 3491 1017 3541 τῶν
1041 3489 1137 3542 ὤτων
1162 3490 1228 3543 ἀπο-

71 3573 99 3624 τὰ
122 3578 182 3642 περὶ
213 3576 247 3629 τὸ
280 3580 356 3642 ςῶμα
383 3577 530 3642 προῦδωκε
561 3579 614 3643 τὴν
669 3577 837 3645 (τερήεαντα
865 3574 1025 3631 εἰοελθεῑν
1054 3577 1101 3631 εἰ(
1125 3579 1229 3645 Βαβυ-
1289 3600 1297 3662 .’

72 3661 145 3716 πόλιν.
182 3665 327 3734 [Ύετερον
352 3667 382 3718 δὲ
405 3669 524 3734 Δαρεῖοε
546 3664 614 3720 ἰδὼν
668 3668 758 3719 λῶνα
777 3667 830 3718 καὶ
855 3666 1082 3720 πιετευθέντα
1101 3668 1146 3721 διὰ
1163 3668 1228 3722 ταὺ-

74 3750 144 3806 uictu
157 3755 241 3822 εἶπεν,
256 3755 373 3808 Ἤθελον
388 3756 527 3823 Ζώπυρον
541 3761 614 3811 (ῶον
668 3773 721 3823 την
740 3758 794 3822 τὴν
812 3753 961 3821 κακουχίαν
985 3759 1148 3822 καταλαβεῖν
1173 3760 1227 3825 τὴν

74 3839 158 3911 ἔχεινῆ
173 3843 271 3912 μυρία(
285 3860 331 3910 μοι
349 3844 514 3910 Βαβυλῶνα(
528 3847 613 3914 ὑπάρ-
667 3845 760 3898 πὸλιν·
789 3845 824 3899 ἐκ
847 3850 1044 3911 μεταφορᾶς
1069 3845 1128 3899 οὖν
1152 3847 1227 3900 εἷπε

74 3933 136 3999 χειν]
170 3933 224 3986 Ἐκ
248 3933 614 4000 μεταφορᾶεοῦνεῑπε
667 3934 819 3988 τάλαντα
838 3935 889 3986 καί
909 3935 1005 4003 Ζυγὰ,
1025 3934 1226 4002 οἱονεὶἔργα
1255 3989 1256 3992 ,

73 4018 205 4076 τάλαντα
227 4019 333 4094 (καὶ)
360 4023 446 4089 Ζυγά
474 4020 614 4095 οἰον<εὶ>
668 4024 722 4078 καί
741 4023 885 4090 πράξειε.

75 4104 139 4172 ἔργα
156 4114 209 4165 καί
226 4112 369 4179 πράξειε.
380 4109 400 4180 ¹)

75 4231 269 4249 *Q—-ss—

78 4387 82 4396 .
135 4310 157 4376 1)
174 4309 217 4361 Ex
235 4308 258 4361 P
277 4288 386 4364 adscita
404 4311 469 4364 sunt
487 4311 573 4365 verba
591 4309 700 4366 uncinis
719 4306 772 4383 (>
786 4310 906 4379 inclusa;
926 4311 1025 4384 saepta
1043 4309 1176 4366 cancellis
1192 4312 1224 4386 []

77 4392 129 4445 111P
146 4396 344 4453 desiderantur.

1428 526 1434 559 t
