2925 5050
548 261 764 326 ,69-

79 443 138 486 non
147 420 279 499 Αἴγιναν
295 421 497 488 scribendum
511 444 583 488 cum
593 419 729 506 Millcro,
737 419 762 508 ¹)
782 421 837 487 sed
853 422 1026 500 Μύριναν
1040 459 1082 469 —
1092 424 1242 506 spectant

78 531 155 593 enim
175 528 215 593 ad
234 528 328 592 bovis
348 528 555 594 simulacrum
575 528 732 594 aheneum
751 529 785 592 in
805 527 956 612 Myrinae
975 529 1065 594 urbis
1084 528 1242 595 Lemniae

78 636 140 701 loro
164 636 332 702 conditum
356 657 418 720 quo
444 635 542 700 etiam
560 634 720 700 Heniochi
739 658 819 700 com.
839 634 893 701 Gr.
912 634 950 700 fr.
971 635 1033 701 vol.
1051 635 1102 700 ΙΠ
1124 659 1154 722 p.
1174 636 1240 704 560

78 744 113 807 M.
136 744 154 808 ὁ
179 748 254 824 βοῦ(
278 742 297 806 ὁ
321 746 460 822 χαλκοῦ(
482 744 523 823 ἦν
547 743 587 808 ἂν
610 743 711 823 ἑφθό(
734 742 910 808 δεκάπαλαι
938 742 1141 808 referendum
1169 765 1240 812 esse

78 848 195 936 credo²)
209 887 262 933 -,
278 853 373 933 atque
388 852 521 916 subesse
536 851 663 916 videtur
682 851 799 916 veteris
814 850 929 915 comici
943 851 1091 915 trimeter
1101 851 1158 933 <cri
1178 851 1236 935 δὲ)

79 960 320 1038 βουκολήεει(
340 956 521 1024 (ἀπὶτόν
542 962 620 1040 βοῦν
638 957 829 1041 (Λήμνιον),
854 980 911 1023 seu
927 958 1038 1042 potius
1057 961 1125 1038 τὴν
1145 963 1240 1039 βοῦν

99 1066 121 1128 Λ
175 1065 289 1130 νίαν.

81 1065 97 1148 <
125 1087 246 1237 mllaec
257 1060 365 1236 iliu
356 1172 403 1235 ita
422 1171 497 1256 sint,
515 1171 643 1236 eredere
661 1194 727 1237 non
740 1143 884 1256 possum,
902 1172 1037 1237 eundem
1052 1172 1107 1256 qui
1121 1194 1240 1293 magna

78 1279 241 1364 diligentia
263 1279 366 1342 doct‘
324 1282 472 1362 trmaque
496 1280 605 1363 ampla
628 1280 769 1363 plurima
787 1279 846 1344 illa
869 1279 1042 1363 proverbia
1061 1280 1140 1343 ab·
1122 1299 1142 1340 α
1160 1280 1239 1344 inci-

77 1385 192 1467 pientia
215 1406 316 1469 usque
335 1385 376 1449 ad
400 1389 440 1449 οἶν
464 1386 641 1470 conlegerit
665 1389 762 1471 atque
782 1386 927 1451 acumine
950 1385 1036 1450 haud
1060 1387 1238 1470 spernendo

79 1513 152 1574 quae
184 1491 346 1557 sententia
378 1493 549 1557 coniuncta
581 1499 688 1557 essent
718 1492 952 1577 composuerit,
983 1492 1107 1576 reliqua
1140 1493 1237 1558 simili

79 1600 195 1664 ratione
218 1621 284 1664 non
312 1603 483 1685 tractasse,
512 1600 567 1663 sed
590 1599 800 1665 festinantem
824 1599 969 1664 adsuisse
994 1599 1138 1664 misellos
1160 1601 1238 1665 illos

78 1728 207 1788 pannos,
230 1706 368 1770 alterum
391 1706 539 1790 neglecto
564 1707 695 1772 omnino
719 1708 903 1772 litterarum
928 1706 1040 1772 ordine
1064 1729 1082 1770 e
1105 1707 1238 1773 scholiis

78 1813 314 1898 recentissimis,
338 1813 477 1878 alterum
500 1815 541 1878 ab
563 1800 605 1877 dh
633 1814 840 1899 incipientem
865 1836 881 1878 e
904 1814 1008 1878 lexico
1038 1814 1238 1898 subreptum.

78 1920 181 2004 Apage
204 1925 274 1985 tam
296 1920 415 2004 inepta.
462 1920 672 1986 Recensionis
693 1921 821 1986 Athoae
845 1919 878 2005 (i.
897 1943 924 1985 e.
942 1920 1088 1985 codicum
1106 1918 1237 2007 ML*t)

80 2029 269 2112 archetypon
293 2048 348 2092 seu
371 2014 480 2111 potius
509 2028 664 2113 codicem,
693 2050 730 2092 ex
760 2050 823 2112 quo
846 2027 1048 2111 archetypon
1071 2028 1139 2092 eius
1162 2051 1237 2111 pen-

79 2135 165 2219 deret,
188 2135 328 2200 lacerum
353 2135 453 2199 fuisse
473 2157 570 2220 snpra
590 2135 805 2219 exposuimus.
837 2134 952 2218 Itaque
970 2137 1098 2218 praeter
1120 2135 1160 2198 14
1179 2135 1238 2200 illa

79 2243 225 2308 secundae
259 2241 469 2307 conlectionis
502 2244 685 2328 proverbia,
725 2242 824 2308 etiam
858 2241 991 2326 quintae
1024 2241 1236 2307 conlectionis

78 2346 180 2432 (quam
215 2350 378 2435 integram
415 2372 526 2415 omues
561 2351 641 2415 olim
673 2352 800 2416 litteras
834 2350 1035 2434 complexam
1068 2372 1138 2414 esse
1171 2351 1237 2415 iam

26 2519 27 2525 '
78 2527 119 2591 qai
127 2542 176 2594 per
187 2527 383 2583 Ostracismum
396 2529 564 2584 αἰοὶοῦααῦω
577 2528 610 2583 in
623 2528 759 2597 Arpioom
774 2530 818 2597 (ε
834 2528 976 2595 Ἄργιναν)
990 2528 1132 2581 matum
1149 2528 1236 2582 ι’ῦαω.

77 2612 114 2669 Ac
129 2617 184 2672 illie
202 2618 249 2673 bos
266 2624 326 2674 erat
343 2634 443 2674 aeneas
460 2618 566 2688 insigni
584 2618 783 2687 magnitudine.
820 2615 948 2669 Refertur
965 2615 995 2669 in
1013 2615 1160 2671 Plutarchi
1179 2618 1237 2672 col-

77 2702 220 2759 iettensis?

145 2795 168 2863 1)
186 2794 325 2850 Provocat
338 2795 431 2850 Miller
445 2794 480 2849 ad
495 2794 807 2850 Pseud-Aristodemum
816 2793 960 2848 Wescheri
974 2811 1000 2861 p.
1012 2798 1064 2872 330
1074 2793 1238 2861 Ἀριετείδη(

79 2921 102 2936 ..
117 2926 122 2936 .
136 2885 378 2952 ἐξωετρακιεμένο(
392 2926 399 2937 .
415 2928 421 2941 .
437 2929 443 2941 .
459 2888 504 2939 καὶ
517 2886 650 2952 ὑπάρχων
665 2885 695 2938 ἐν
710 2883 805 2952 Αἰγίνῃ
824 2883 890 2936 τότε
910 2881 950 2951 (in
963 2897 1060 2952 pugna
1073 2880 1236 2950 Salaminia)

78 2980 214 3041 (υμμαχῶν
232 2978 278 3029 καὶ
292 2975 384 3028 αῦτόε.
412 2972 523 3028 Addere
537 2975 650 3043 poterat
663 2971 882 3027 Demosthenem
898 2971 1022 3025 exsulem
1035 2969 1161 3039 Aeginae
1174 2986 1236 3025 rer-

79 3063 183 3117 santem.
222 3062 278 3117 Sed
296 3062 366 3116 haec
384 3060 455 3115 nihil
474 3062 510 3114 ad
529 3079 595 3116 rem.

138 3154 164 3222 2)
183 3150 223 3205 Cf.
243 3152 324 3221 Greg.
345 3149 424 3221 prr.
444 3150 504 3204 Ira
525 3150 546 3203 P
570 3150 582 3202 I
602 3156 635 3205 70
654 3150 683 3203 M
701 3151 793 3204 Ἄθω(
816 3152 947 3204 καλύπτει
969 3150 1073 3216 πλευρὰ
1091 3149 1237 3216 Λημνία(

78 3242 143 3303 βοό(
164 3241 260 3311 ibique
283 3240 411 3296 Leutsch.
449 3240 591 3295 Aheneam
612 3239 697 3294 fuisse
716 3240 817 3295 bovem
837 3239 923 3293 etiam
941 3238 987 3291 Et.
1005 3238 1041 3292 M.
1061 3257 1081 3291 s.
1101 3257 1126 3292 v.
1146 3239 1236 3293 Ἄθω(

77 3330 115 3396 (=
133 3332 215 3402 Soph.
236 3331 268 3385 fr.
288 3336 340 3386 348
359 3328 448 3399 Dat),
475 3329 524 3384 alii
542 3330 672 3397 tradunt,
695 3330 793 3384 contra
810 3331 910 3382 λευκοῦ
929 3326 1006 3382 λίθου
1025 3327 1048 3379 Β
1069 3333 1119 3381 136
1137 3325 1235 3396 Apost-

78 3416 145 3488 157,
167 3423 197 3475 ἐκ
222 3422 365 3489 μαρμάρου
385 3418 524 3474 Macarius
541 3418 556 3471 Ι
574 3424 607 3473 43
622 3435 629 3467 :
646 3418 743 3472 Rohde
761 3434 806 3471 res
825 3417 918 3472 Lemn.
940 3434 967 3486 p.
988 3424 1029 3471 12.
1066 3416 1235 3472 Pertinuisse

78 3506 176 3562 ridetur
194 3508 231 3563 ad
249 3508 399 3577 religiones
419 3507 549 3562 Lemnias
564 3530 570 3561 ι
585 3506 650 3562 vide
671 3523 743 3577 quae
762 3506 941 3576 exposuimus
964 3505 993 3561 in
1011 3506 1148 3561 Fleckeis.
1169 3523 1232 3561 ann.

78 3596 124 3649 vol.
143 3602 191 3653 123
214 3616 242 3666 p
263 3602 314 3651 237
339 3597 400 3652 adn.
422 3603 455 3651 26
479 3598 538 3651 et'
531 3615 559 3650 m
583 3597 686 3665 encycl.
710 3594 807 3651 Erseh.
831 3598 860 3650 et
884 3593 969 3650 Grub
992 3614 1012 3651 s.
1036 3615 1061 3652 v.
1088 3595 1233 3651 ‘Kabiren’

79 3684 482 3755 Sect.11‚v01.xxxiip.21
503 3703 543 3754 sq.

139 3774 307 3843 3)Λημνΐα(
332 3777 395 3841 βοό(
418 3791 514 3831 versus
539 3775 687 3845 Sophoclei
711 3793 731 3829 s.
752 3794 773 3830 s.
793 3776 837 3829 est
855 3773 955 3829 exitus
992 3774 1063 3828 Rem
1088 3723 1236 3830 confirmat

78 3860 249 3932 inlustratque
263 3864 365 3919 Macar
375 3865 462 3919 ivri
477 3865 618 3935 (Hesych)
633 3866 672 3931 Ιμ
674 3865 950 3932 βριοεῆλήμνιοε·
970 3864 1060 3919 οἱτὰ(
1074 3864 1234 3919 δίκαεάπο-

79 3953 217 4017 φεῦγοντε(
243 3954 386 4021 Ἀθήνηαν
415 3954 584 4021 ἐεκήπτοντο
608 3954 638 4007 ἐν
662 3955 760 4023 Ιμβρῳ
779 3957 796 4021 ἢ
816 3955 846 4007 ἐν
865 3954 968 4023 Λήμνῳ
992 3954 1147 4007 elro1:ubi
1170 3952 1235 4008 vide

80 4039 208 4097 heuhehii
223 4043 327 4112 copias,
342 4043 442 4111 quibus
457 4043 528 4097 adde
539 4041 640 4097 ltindfl.
652 4043 771 4097 Pausan.
781 4043 835 4099 lex.
845 4042 878 4098 fr.
894 4048 946 4097 223
961 4060 988 4112 p.
1003 4047 1038 4096 83
1052 4042 1083 4096 et
1097 4041 1234 4096 Schmidt.

79 4128 109 4180 ad
118 4130 228 4200 Hesych.
238 4151 259 4187 s.
269 4149 294 4186 ν.
324 4132 463 4201 Regiones
477 4132 506 4185 in
521 4132 621 4201 quibus
636 4132 739 4201 degere
752 4132 850 4188 liceret
864 4132 1026 4188 ostracismo
1041 4129 1234 4186 exsulantibus

80 4220 214 4274 secundnm
240 4221 438 4276 Philochorum
466 4238 511 4291 ap.
535 4221 630 4279 Claud.
655 4221 736 4276 Casii.
760 4240 787 4291 p.
808 4228 859 4277 338
877 4220 914 4275 Μ.
939 4247 973 4269 ==
996 4219 1069 4275 FHG
1093 4218 1107 4271 I
1129 4238 1156 4289 p.
1181 4225 1234 4278 397

80 4311 148 4363 erant
162 4311 231 4379 πέρα
249 4315 300 4364 τοῦ
320 4310 460 4377 Εὐβοία(
478 4310 667 4379 ἀκρωτηρίουε
687 4327 759 4379 quae
778 4309 807 4364 in
820 4312 944 4366 rosham
959 4309 1015 4365 loci
1029 4308 1234 4365 restitutionem

80 4397 208 4465 aptissime
227 4399 403 4455 conveniunt.
