2925 5050
707 234 923 298 ..92-

231 396 258 460 si
278 396 416 480 quaeris,
438 398 512 479 quis
533 396 577 459 sit
595 393 684 459 cuius
699 394 834 459 adsidua
853 394 991 459 lectione
1010 393 1222 479 doctrinaque
1242 394 1394 459 uberrima

230 502 307 567 laeti
340 502 389 567 illi
418 503 511 587 quasi
540 502 667 567 flosculi
694 523 733 565 ex
761 501 860 567 variis
889 502 1075 567 auctoribus
1105 503 1246 587 decerpti
1275 502 1340 567 sint
1367 507 1394 565 et

233 610 308 674 nexi
325 609 537 694 consertique,
555 607 690 692 Didymi
710 608 822 693 copiae
838 631 857 673 a
871 606 1050 674 Schmidtio
1070 610 1232 675 conlectae
1251 613 1284 673 et
1296 609 1394 674 fontes

236 716 292 801 qui
315 716 418 789 abeo
441 716 583 801 pendent
605 717 649 780 ad
669 716 770 780 solum
793 736 895 781 omncs
918 721 945 781 te
966 717 1118 781 dedoceant
1141 718 1394 796 χαλκέντερον

230 821 374 906 istum.¹)
421 822 554 888 Accedit
577 823 661 907 quod
684 822 781 907 pauci
805 822 855 887 illi
878 823 973 889 huius
998 824 1156 907 epitomes
1183 824 1247 889 loci
1269 822 1393 907 Didymi

231 930 361 994 nomine
386 930 531 1015 insignes
561 952 673 996 omnes
698 931 905 995 inveniuntur
928 930 962 997 in
985 931 1083 995 tertio
1105 930 1168 995 hoc
1190 930 1287 997 libro:
1308 931 1347 995 fr.
1368 932 1395 994 ll

230 1061 260 1122 p.
280 1037 344 1102 397
365 1035 471 1103 Schm.
492 1038 579 1122 αὐτῷ
598 1042 699 1123 κανῶ·
723 1038 802 1116 αὕτη
826 1036 973 1102 τάττεται
992 1038 1072 1102 κατὰ
1090 1043 1156 1103 τῶν
1175 1036 1276 1118 ἄρδην
1294 1038 1395 1103 ὁτιοῦν

229 1146 484 1224 λυμαινομένων.
514 1146 590 1225 φητὶ
612 1144 673 1225 γὰρ
697 1144 716 1209 δ
740 1145 913 1225 Δίδυμοτ
940 1148 1005 1210 κτλ.
1029 1175 1071 1198 =
1094 1143 1129 1208 M
1147 1144 1197 1210 ΙΙΙ
1224 1145 1298 1230 165,
1321 1146 1345 1209 P
1366 1146 1393 1209 Π

230 1253 288 1336 31,
310 1253 349 1317 fr.
372 1251 422 1316 ΙΙΙ
445 1253 465 1332 ἡ
489 1250 600 1331 Ἀμαία
627 1254 686 1332 τὴν
709 1250 853 1332 Ἀζητίαν
880 1255 1043 1331 μετῆλθεν.
1079 1252 1198 1333 ίττορεῑ
1220 1253 1393 1332 Δίδυμοι,

230 1358 279 1423 ὅτι
298 1356 408 1439 Ἀμαία
428 1360 485 1438 μὲν
508 1360 527 1438 ἡ
551 1360 705 1440 Δημήτηρ
724 1360 811 1439 παρὰ
831 1360 1026 1440 Τροιζηνίοις
1045 1361 1316 1441 προταγορεύεται
1335 1365 1393 1424 κτλ.

123 1490 135 1512 .
215 1492 272 1519 ⁴=
291 1465 453 1531 M11169
473 1463 557 1554 (41),
580 1464 613 1531 Ρ.
633 1465 681 1530 IV
704 1468 760 1551 203
785 1468 822 1532 fr.
847 1466 895 1531 IV
920 1490 957 1531 ex
982 1466 1057 1532 Hes.
1081 1490 1105 1531 s.
1128 1490 1157 1533 τ.
1183 1468 1393 1548 Λιμοδωριεῐτ·

232 1575 335 1639 οὕτω(
359 1575 535 1655 ἐκλήθηταν
558 1574 589 1638 οἱ
612 1571 677 1638 ἀπὸ
700 1575 953 1653 Πελοποννήτοιι
978 1626 985 1637 .
1011 1626 1017 1638 .
1042 1625 1049 1639 .
1071 1574 1303 1639 κατοικίταντετ
1330 1574 1394 1652 περὶ

227 1679 350 1746 Ῥόδον
369 1682 419 1746 καὶ
440 1681 553 1747 Κνίδον
573 1680 668 1765 (quae
688 1678 859 1746 Aristoteli
883 1679 1145 1767 vindicavimus)·
1174 1682 1342 1760 Δίδυμοτ
1363 1683 1394 1743 δὲ

228 1791 305 1854 τοὺτ
328 1788 400 1868 περὶ
422 1790 481 1867 τὴν
500 1787 598 1870 Οἴτην
616 1790 703 1854 οὕται
727 1791 872 1866 λέγεεθαι
891 1791 965 1868 κτλ,
989 1812 1065 1853 nam
1084 1788 1277 1874 Hesychius,
1301 1809 1393 1871 aquo

229 1897 309 1961 haec
328 1898 458 1960 servata
478 1899 563 1980 sunt,
587 1918 625 1960 ex
645 1896 754 1961 codiee
775 1893 959 1959 Zenobiano
978 1894 1088 1960 hausit
1102 1893 1245 1981 (lungbl.
1258 1918 1289 1979 p.
1304 1890 1394 1980 25).²)

201 2057 207 2070 .
231 2003 283 2068 Sic
297 2002 482 2087 confirmari
496 2008 577 2086 puto
596 2004 681 2087 quod
700 2026 799 2087 supra
818 2003 883 2068 iam
902 2002 1085 2087 posuimus:
1104 2002 1281 2087 Didymum
1296 2002 1393 2085 ipsum

231 2111 371 2196 primum
392 2109 474 2174 haee
497 2114 647 2193 excerpta
670 2110 891 2193 composuisse
914 2131 1018 2193 neque
1038 2109 1078 2173 ab
1102 2110 1174 2174 aliis
1200 2131 1238 2173 ea
1258 2108 1395 2173 conlecta

231 2218 401 2301 accepisse.

319 2322 441 2387 Verum
469 2343 547 2387 cave
576 2322 667 2386 hinc¹
681 2321 847 2407 profectus
876 2321 993 2386 ultima
1023 2322 1081 2386 illa
1109 2321 1265 2408 Didymo,
1296 2327 1394 2389 cetera

230 2428 394 2494 Tarrhaeo
418 2429 556 2514 aliisque
584 2428 769 2494 auctoribus
793 2428 966 2494 tribuenda
991 2451 1130 2494 censeas.
1176 2428 1263 2495 Nam
1286 2430 1394 2494 doctri-

229 2560 305 2602 nam
328 2535 529 2620 Didymeanr
550 2537 722 2622 ipsissimis
753 2537 855 2620 ipsius
885 2539 992 2603 verbis
1022 2537 1182 2603 inclusam
1211 2561 1307 2622 supra
1332 2560 1395 2621 cap.

230 2644 263 2708 Il
282 2647 302 2725 ἓ
321 2643 342 2708 2
361 2641 414 2730 (de
434 2643 468 2708 M
486 2629 563 2710 1'19
583 2644 677 2710 1129
702 2643 773 2730 all.)
791 2645 824 2708 in
844 2645 1097 2711 conlectionibus
1116 2645 1222 2728 prima
1246 2650 1279 2710 et
1301 2646 1395 2710 altera

231 2751 457 2835 indicavimus,
490 2756 587 2837 atque
618 2753 651 2816 iu
683 2753 729 2816 eis
764 2751 971 2838 potissimum
1002 2750 1178 2835 Didymum
1209 2773 1394 2838 cognoscere

230 2858 311 2923 mihi
325 2858 438 2923 videor
458 2860 551 2938 πρὸ(
575 2860 664 2922 refrt
684 2859 771 2939 περὶ
790 2862 1007 2938 παροιμιῶν
1027 2859 1312 2937 τυντεταχότα(
1326 2859 1394 2922 scri-

229 2967 374 3029 bentem:
398 2966 452 3049 qui
475 2965 589 3030 titulus
614 2967 720 3050 operis
744 2965 813 3029 eius
837 2966 899 3030 fuit
919 2988 938 3030 a
959 2964 1074 3030 ceteris
1098 2967 1195 3050 longe
1215 2961 1392 3049 diversunt

303 3214 328 3282 1)
348 3214 427 3268 Adde
447 3212 573 3283 quaeda
590 3211 751 3280 Aristotele,
772 3212 909 3282 Staphylo
928 3213 976 3267 all.
997 3212 1193 3269 adnotavimus
1212 3230 1240 3282 p.
1261 3213 1321 3279 82¹,
1339 3210 1393 3264 85².

304 3303 333 3368 2)
352 3300 452 3356 Cetera
471 3300 619 3355 Schmidtii
637 3300 795 3370 fragmenta
813 3301 862 3355 aut
876 3317 932 3355 non
946 3302 1058 3355 exstant
1074 3301 1104 3355 in
1122 3300 1206 3356 MPB
1226 3302 1277 3356 aut
1290 3301 1393 3356 omnino

232 3406 290 3444 non
308 3388 447 3445 fluxerunt
464 3409 498 3446 ex
517 3406 601 3461 opere
618 3389 908 3461 paroemiographico,
927 3390 1005 3444 velut
1019 3391 1093 3458 quod
1108 3391 1154 3444 vix
1168 3391 1242 3445 inter
1255 3389 1394 3461 proverbia

230 3494 376 3532 numerare
395 3479 462 3533 licet
476 3479 514 3532 VI
528 3496 562 3532 ex
579 3479 811 3548 interpolatorum
831 3476 1042 3547 proverbiorum
1062 3480 1132 3534 serie
1152 3481 1301 3550 repetitum
1315 3479 1392 3534 Bm

233 3566 269 3620 ad
280 3566 495 3622 commentarios
504 3566 726 3637 Aristophaneos
742 3567 916 3621 referendum
931 3568 982 3636 est,
998 3569 1074 3636 (nam
1085 3568 1251 3624 haudreete
1265 3585 1391 3637 quaeeun-

233 3670 288 3722 que
318 3655 392 3723 apud
424 3656 691 3728 paroemiographos
727 3657 860 3726 leguntur
887 3657 1134 3726 grammaticorum
1164 3658 1220 3712 loci
1252 3658 1288 3713 ad
1316 3673 1392 3726 opera

229 3744 510 3815 paroemiographiea
532 3747 630 3800 referri
654 3747 769 3816 solent),
796 3748 880 3814 atquc
905 3746 928 3799 V
952 3747 988 3800 ab
1012 3744 1235 3815 Harpocratione
1261 3749 1390 3801 servatum
1440 3749 1441 3812 1

230 3834 363 3888 haustum
381 3833 491 3905 videtur
509 3851 543 3888 ex
561 3835 766 3888 commentariis
786 3835 815 3888 in
833 3835 972 3901 rhetorem
997 3833 1062 3888 VIII
1083 3834 1135 3888 soli
1154 3835 1295 3905 Apostolii
1314 3832 1389 3888 errori

232 3923 350 3976 debetur
378 3922 447 3975 duos
474 3923 704 3992 Harpocrationis
731 3925 809 3977 locos
835 3923 1037 3990 contrahentis,
1066 3941 1184 3993 quorum
1210 3924 1283 3978 alter
1304 3925 1390 3978 iana
1440 3919 1441 4004 1

230 4009 387 4064 Schmidtio
400 4028 428 4080 p.
443 4016 494 4064 321
509 4013 584 4065 recte
603 4011 811 4067 commentariis
825 4012 882 4066 illis
897 4013 1017 4067 insertus
1033 4014 1082 4066 est.
1112 4011 1151 4068 Of.
1167 4011 1300 4066 Warnlrr.
1315 4029 1339 4080 p.
1353 4015 1388 4062 29.
1440 4005 1441 4047 l

301 4101 328 4169 a)
349 4097 389 4155 cf.
412 4098 522 4153 narras.
546 4098 625 4154 Puot.
650 4101 710 4156 coa.
736 4106 787 4155 ντο
811 4119 838 4170 p.
864 4105 916 4155 τοο
940 4080 1389 4169 Βο11....ὅτι“Δῑαομοιπερι

228 4194 382 4257 παροιμιῶν
402 4188 531 4256 δεκατρία
551 4189 637 4254 βιβλία
656 4191 803 4256 τυντέταχε
824 4189 892 4260 [καὶ]
911 4191 980 4257 πρὸ(
998 4192 1065 4244 τοὺτ
1087 4193 1149 4258 περὶ
1167 4195 1322 4257 παροιμιῶν
1339 4203 1388 4242 πιν-

228 4278 381 4344 τεταχδταε
399 4278 554 4344 ἐπιγράψας
579 4279 651 4330 αὐτά
674 4279 703 4332 et
727 4293 798 4346 quae
814 4277 903 4338 addit
921 4278 1149 4332 Schneidewinus
1172 4279 1260 4348 praef.
1279 4297 1306 4349 p.
1326 4276 1388 4332 XIV.
1440 4341 1441 4352 γ

237 4364 327 4420 Aliter
347 4365 523 4436 accipiendus
543 4365 653 4420 videtur
672 4345 911 4436 Chrysippi'liber
929 4370 991 4435 περὶ
1013 4373 1168 4436 παροιμιῶν
1186 4369 1256 4436 πρὸ(
1273 4369 1389 4435 Ζήνωνα.
1440 4357 1441 4436 1
