2925 5050
527 297 744 361 ..37-

42 453 205 520 Aldinam
225 458 353 522 easdem
375 459 441 524 fere
466 457 576 542 copias
601 457 766 523 continere
789 462 924 542 propter
947 458 1146 544 singularem
1171 482 1223 523 ex-

43 567 234 646 cerptorum
259 564 391 629 Graurii
412 565 612 648 Aldinaeque
636 587 831 630 consensum
853 569 978 629 certum
1002 570 1052 629 est
1075 571 1109 630 et
1132 570 1224 630 extra

44 668 296 736 dubitationem.

136 776 365 844 Necessarium
391 780 494 865 igitur
526 780 668 864 videtur,
700 781 735 844 in
765 780 850 854 hanc
879 780 1018 844 Aldinae
1050 778 1222 845 conlectio-

44 907 135 968 nem,
166 907 361 970 quamquam
385 887 510 951 ultimis
539 887 637 951 medii
665 887 736 951 aevi
765 886 966 971 temporibus
995 888 1135 952 conflata
1164 893 1223 972 est,

45 1016 120 1056 cum
155 1015 233 1057 cura
264 994 435 1078 inquirere.
486 994 590 1070 Quam
624 995 847 1078 quaestionem
879 995 1002 1059 multae
1036 1017 1152 1079 operae
1185 1018 1222 1058 ac

47 1100 173 1163 laboris
204 1105 236 1164 et
269 1125 288 1165 a
319 1100 488 1185 proposito
521 1105 648 1185 nostro,
680 1103 792 1186 copias
823 1101 956 1166 Zenobii
989 1102 1016 1165 si
1049 1102 1223 1187 exceperis,

46 1207 113 1270 fere
145 1207 285 1272 alienam
313 1208 429 1272 leviter
455 1212 586 1273 tantum
613 1209 794 1294 attingens,
821 1210 901 1275 haec
929 1209 1138 1295 potissimum
1166 1210 1222 1273 ob-

49 1315 185 1379 servavi.

139 1422 211 1486 Duo
235 1423 285 1486 illi
310 1421 385 1508 (vel,
410 1421 542 1487 Suidam
561 1424 589 1488 si
609 1423 810 1508 respicimus,
833 1424 914 1510 tres)
938 1424 1104 1488 doctrinae
1124 1423 1222 1488 Zeno-

49 1528 165 1592 bianae
193 1529 304 1609 rivuli,
334 1529 372 1593 de
396 1530 513 1613 quibus
543 1553 641 1614 supra
669 1529 822 1613 diximus,
850 1530 1137 1605 rarodeficientes
1165 1554 1222 1615 per

49 1639 155 1699 totum
179 1659 260 1720 opus
280 1637 494 1701 effunduntur.
536 1636 644 1701 Codex
662 1637 782 1721 prioris
801 1638 924 1722 classis,
949 1660 1044 1721 quem
1063 1636 1106 1702 *λ
1127 1639 1221 1723 signo

51 1743 286 1826 denotabimus,
309 1741 526 1806 Laurentiano
545 1741 579 1806 in
598 1765 635 1807 eo
655 1765 783 1826 quoque
803 1743 920 1807 similis
944 1747 1003 1826 est,
1027 1743 1113 1827 quod
1131 1744 1222 1806 testi-

52 1850 158 1914 monia
180 1850 248 1915 fere
273 1872 400 1934 semper
424 1849 614 1933 supprimit,
636 1849 795 1914 formulas
820 1850 940 1930 εἴρηται
964 1850 1039 1928 ἀπὸ,
1062 1851 1123 1929 ἐπὶ,
1149 1850 1220 1913 sim.

52 1957 195 2021 decurtat
218 1957 271 2020 vel
295 1956 418 2021 omittit
443 1954 496 2042 (cf.
525 1957 584 2022 col.
612 1958 674 2021 112
699 1988 741 2009 =
764 1955 799 2020 M
822 1955 914 2040 119,
948 1959 1008 2022 col.
1034 1958 1097 2021 132
1122 1989 1163 2009 =
1186 1957 1222 2021 M

52 2063 148 2149 127),
167 2064 401 2148 explicationes
421 2063 607 2148 transponit
627 2062 681 2149 (cf.
701 2065 761 2128 ool.
781 2065 821 2128 81
846 2064 905 2128 161
924 2095 966 2116 =
980 2063 1045 2128 Ml
1060 2065 1103 2129 50
1122 2062 1187 2150 51).
1196 2061 1221 2149 ¹)

53 2171 139 2255 lpsas
166 2195 220 2236 res
257 2173 341 2237 solet
374 2194 517 2256 servare,
547 2172 638 2236 velut
671 2170 864 2254 requisitam
890 2171 984 2235 illam
1013 2170 1155 2240 Athoil
1179 2173 1221 2236 28

56 2276 95 2362 (p.
110 2281 170 2343 321
189 2302 236 2363 sq.
250 2278 298 2364 M)
318 2279 454 2344 necdum
479 2279 560 2343 satis
580 2282 729 2344 accurate
750 2278 946 2362 explicatam
965 2278 1219 2363 disputationem

56 2386 89 2448 de
112 2389 228 2472 ἱππικῷ
254 2387 362 2469 δρόμῳ
386 2386 536 2450 omnibus
560 2385 627 2450 fere
650 2384 758 2449 verbis
782 2386 903 2470 recepit
921 2386 981 2451 col.
1003 2387 1076 2451 132.
1117 2384 1222 2480 Utilia

57 2516 130 2576 quae
152 2496 289 2580 possent
317 2489 386 2558 esse
411 2493 584 2579 diligenter
607 2491 715 2558 Graux
739 2493 899 2577 excerpsit
926 2515 986 2558 neo
1009 2496 1135 2558 restant
1157 2492 1221 2556 nisi

56 2604 185 2681 paucula
208 2601 366 2685 quaedam
389 2600 552 2683 nimisque
576 2599 668 2663 vilia:
695 2598 730 2663 M
748 2599 765 2663 Ι
784 2602 826 2665 28
847 2602 955 2680 μηδὲν
979 2603 1014 2664 δὲ
1038 2602 1221 2665 ποιούντων

54 2706 91 2789 Μ,
113 2710 218 2773 οὐδὲν
242 2712 277 2773 δὲ
306 2731 338 2773 π.
362 2706 409 2772 *λ
435 2706 518 2791 Ald,
546 2707 589 2771 ib.
620 2710 764 2785 τέεεαρα
787 2708 911 2786 καμπὰς
933 2706 977 2790 M,
1006 2709 1171 2786 reccupdc
1194 2730 1219 2771 κ.

55 2811 93 2877 *λ
111 2816 180 2881 ΑΜ.
201 2812 258 2900 (=
278 2814 332 2899 L)3
356 2814 373 2878 Ι
392 2816 435 2879 34
454 2816 631 2894 Τεθρανίαν
650 2813 693 2898 M,
711 2815 912 2893 Τευθρανίαν
931 2814 1051 2879 rectius
1070 2810 1115 2877 *λ
1136 2813 1221 2895 ΑΜ,

58 2920 93 2985 ib.
111 2924 174 3001 ἥτιε
193 2924 257 2987 ieri
276 2930 331 3000 τῆε
348 2922 468 2987 Μυείαε
483 2921 597 3000 ἐεχάτη
612 2920 656 3005 M,
674 2923 704 3001 ἣ.
723 2923 747 2986 ἐ.
768 2923 803 2986 ἐν
822 2927 868 3005 τῷ
884 2922 1004 2987 Muciae
1023 2921 1145 3003 ἐεχάτιμ
1160 2921 1220 3002 *λς

56 3025 83 3088 ll
104 3032 138 3093 16
161 3031 201 3094 τὰ
226 3020 399 3108 νομίεματα
423 3033 520 3093 ειιλᾶν
549 3028 649 3092 verba
676 3027 710 3092 in
732 3027 768 3091 M
794 3028 995 3112 interpolata
1024 3027 1220 3091 omittuntur

60 3132 120 3199 lid.
143 3136 203 3200 col.
227 3137 283 3218 943
311 3134 345 3198 Π
363 3136 407 3199 43
430 3137 488 3199 τὸν
512 3135 574 3200 ἅλα
597 3136 648 3199 καὶ
675 3136 717 3199 τὸ
746 3132 823 3219 (om.
846 3131 896 3220 M)
925 3136 1069 3213 κύμινον,
1099 3133 1219 3198 rectius

61 3262 144 3321 quam
161 3242 205 3326 M,
228 3243 270 3306 *l
286 3240 342 3329 (=
363 3242 418 3327 L);
440 3240 473 3305 Π
492 3242 533 3306 47
558 3242 812 3306 ἐπιπολεύεαεαν
831 3241 938 3305 forma
956 3240 1078 3305 rariore
1098 3237 1140 3304 *λ
1160 3262 1219 3323 pro

63 3349 149 3414 Athoi
177 3349 427 3430 ἐπιπολάεαεαν;
458 3348 491 3411 Π
515 3349 557 3413 59
587 3348 661 3412 odb’
683 3348 774 3427 ἴκταρ
804 3347 912 3429 βάλλει
935 3346 984 3426 Μ,
1016 3352 1106 3428 βαλεῖ
1132 3347 1220 3411 haud

63 3452 156 3540 inepte
179 3454 232 3521 *λ
278 3457 451 3521 Praeterea
475 3460 588 3540 aperto
617 3478 725 3520 errore
748 3456 783 3520 M
804 3455 821 3519 I
848 3457 887 3519 19
912 3454 1050 3519 Aldinae
1079 3455 1147 3520 cod.
1176 3452 1219 3518 *λ

64 3566 216 3643 μιιήεαεα
242 3564 378 3649 praebet
400 3586 460 3648 pro
489 3562 674 3642 μηνιὰεαεα;
706 3561 789 3627 137
817 3566 862 3643 ἣν
890 3562 974 3641 ἅρμα
1001 3563 1218 3641 προεαγορεύ-

122 3798 147 3863 1)
171 3796 243 3849 Tam
267 3794 353 3848 mirus
381 3794 485 3862 ubique
508 3792 547 3847 *λ
570 3791 675 3847 codicis
699 3810 761 3847 eum
785 3791 973 3847 laurentiano
1001 3793 1151 3845 concentus
1178 3794 1221 3845 est

66 3896 263 3953 consensusque,
287 3886 321 3938 ut
339 3883 466 3937 dubitare
485 3882 584 3960 possis,
595 3882 676 3936 sitne
695 3882 905 3936 Laurentianus
922 3882 981 3949 ipsc
998 3881 1072 3934 unde
1091 3880 1218 3934 codicum

66 3969 155 4029 Slld.
179 3974 353 4041 archetypos
377 3973 506 4041 pendeat.
544 3972 718 4040 Quamquam
745 3972 789 4024 est
809 3970 859 4023 ubi
881 3970 1039 4039 discrepare
1062 3968 1218 4037 videantur,

68 4060 93 4113 cl.
106 4078 170 4129 quae
188 4063 383 4117 adnotavimus
399 4063 435 4117 de
447 4062 502 4115 MI
521 4068 554 4117 28
574 4067 609 4115 34
628 4065 661 4115 35
680 4060 755 4114 1116
773 4067 807 4115 47
827 4066 869 4114 59.
902 4059 1007 4114 Verum
1021 4060 1092 4112 haec
1109 4057 1217 4125 discep-

67 4149 114 4203 tare
130 4169 182 4207 non
204 4151 323 4222 poteris,
348 4151 509 4221 priusquam
532 4150 677 4221 Iungbluti
701 4151 735 4203 de
758 4148 946 4204 laurentiano
966 4148 1118 4217 disputatio
1142 4145 1218 4200 edita

69 4239 116 4294 erit.
141 4240 267 4296 Ceterum
282 4258 317 4296 ne
335 4246 397 4295 tum
416 4240 529 4309 quidem
549 4239 624 4294 omni
643 4238 733 4308 pretio
753 4240 862 4291 careret
875 4236 987 4304 Aldine,
1005 4253 1070 4290 nam
1089 4234 1217 4291 adhiberi

69 4332 147 4392 posset
163 4331 197 4385 ad
215 4330 315 4383 dubias
339 4346 479 4399 saepeque
503 4327 636 4383 evanidas
654 4326 834 4383 Laurentiani
859 4325 1012 4396 scripturas
1036 4324 1217 4395 explicandas

70 4418 105 4471 rel
113 4419 314 4475 confirmandas.
338 4417 393 4490 [De
408 4417 546 4474 erroribus
558 4416 692 4473 Gronovii
706 4418 736 4470 et
746 4415 932 4471 Warnlrrossii
946 4414 980 4469 cf.
996 4413 1116 4469 Schoell.
1131 4432 1157 4483 p.
1169 4414 1216 4484 51]
