2925 5050
556 248 797 312 -151-

86 410 168 474 έετὶν
185 409 328 491 ἰαμβείου
343 412 450 489 μέροε·
470 409 641 488 πεποίηται
659 410 721 489 γὰρ
736 411 802 475 ἐκεῖ
816 408 965 490 Ἐριφύλη
986 408 1074 496 (BV3
1088 414 1258 494 Περιφυλῆ

41 563 42 584 ι
90 515 136 603 M)
160 518 242 597 πρδε
267 516 469 597 Ἀλκμαίωνα
493 516 663 594 λέγουεα
670 518 806 597 καὶγὰρ
829 516 990 597 Ἀργείου(
1014 515 1092 598 δμῶ’
1117 515 1170 603 (fr.
1194 520 1259 585 208

39 591 42 710 l
87 621 184 709 Ddf..)
206 627 360 705 μέμνηται
381 625 498 705 ταύτηε
521 624 682 690 Αλεξιε’
668 646 706 689 εν
731 626 909 709 Μυλωθριρ.

173 731 310 795 Initium
341 731 540 796 contractius
573 731 727 796 exhibent
754 730 832 795 VB
864 731 930 796 585
958 729 1015 817 (-=
1042 755 1115 817 app.
1139 755 1186 818 pr.
1209 718 1259 797 111

37 837 39 912 l
86 838 151 923 35)
175 861 287 903 rerum
310 842 388 923 post
410 838 478 918 δρῶ
501 838 636 903 addunt:
660 836 781 918 εἴρηται
801 839 868 902 δὲ’
857 840 909 903 επὶ
932 842 998 905 τῶν
1021 840 1158 905 ἑκτενῶε
1177 842 1258 919 πρὸ(

36 973 37 976 ·
86 945 195 1010 ὁτιοῦν
218 946 407 1026 βλεπόντων
429 948 480 1011 καλ
502 945 757 1025 καταπληκτικόν
780 967 810 1010 τι
835 946 1020 1011 δοκούντων
1044 946 1131 1027 ὁρᾶν.
1169 949 1241 1013 oth
1223 950 1258 1013 δὲ

85 1055 135 1117 eri
157 1057 224 1120 τῶν
248 1054 294 1119 είε
320 1056 445 1134 κλοπὴν
472 1054 737 1134 ὑπονοουμένων·
775 1057 1004 1138 κωμῳδοῦνται
1032 1055 1094 1133 γὰρ
1121 1052 1258 1133 Ἀργεῖοι

85 1160 134 1223 ἐπὶ
153 1164 268 1246 κλοπῇ,
285 1162 393 1241 ῶεπερ
412 1163 464 1226 καὶ
482 1163 649 1241 (οφοκλῆε
668 1158 816 1245 (apertus
836 1183 938 1225 error:
957 1160 1117 1224 substitue
1136 1159 1258 1227 Ἀλεξιε

86 1290 121 1330 ex
148 1265 198 1353 Μ)
230 1270 396 1349 έχρήεατο.
447 1266 574 1332 Similia
600 1267 763 1333 Macarius
790 1267 891 1333 hahet
918 1265 1026 1332 1138.
1072 1266 1160 1342 Quae
1188 1267 1257 1332 sine

86 1373 182 1439 dubio
211 1375 324 1441 omisit
351 1375 555 1441 diasceuasta
583 1374 727 1459 Athous3
763 1398 838 1439 nam
869 1375 987 1439 horum
1015 1374 1160 1440 locorum
1188 1380 1258 1439 tan-

84 1484 152 1545 tum
183 1504 251 1547 non
283 1483 428 1549 omnium
462 1482 555 1547 binas
582 1481 722 1547 vidimus
755 1457 857 1546 fuisse
884 1482 1007 1546 formas
1038 1483 1090 1546 vel
1118 1482 1257 1568 explica-

84 1589 196 1674 tiones,
220 1591 359 1655 alteram
382 1590 561 1675 tragoediis
582 1588 871 1672 accommodatam,
895 1589 1033 1653 alteram
1055 1612 1074 1653 a
1093 1590 1255 1654 comoedis

84 1698 256 1781 repetitam
288 1697 519 1783 tragoedorum
552 1716 666 1760 versus
697 1694 739 1759 ad
773 1694 862 1759 aliud
893 1698 1121 1780 argumentum
1154 1689 1256 1761 sacae

84 1802 388 1890 detorquentibus.¹)

167 1910 202 1975 Μ
230 1911 264 1975 Π
291 1913 333 1977 47
367 1911 468 1991 Ἀρηε
499 1911 670 1991 τύραννοι·
716 1914 814 1975 τοῦτο
845 1911 884 1975 τὸ
916 1908 1090 1990 κομμάτιον
1122 1910 1156 1973 ἐκ
1188 1913 1254 1974 τῶν

87 2018 240 2096 Τιμοθέου
268 2020 403 2097 Περεῶν
432 2020 450 2083 ὃ
479 2019 531 2082 διὰ
557 2020 616 2097 τὴν
640 2017 658 2056 *
678 2014 733 2057 **
763 2016 946 2096 εωτηριώδη
975 2016 1144 2096 εὐημερίαν
1167 2016 1254 2097 Ἀθή-

84 2144 167 2208 νηειν
204 2125 446 2190 έπιπολάεαεαν
482 2125 578 2207 (hene
614 2125 884 2189 ἐπιπολεύεαεαν
917 2122 991 2188 ΑΜ.
1029 2123 1088 2188 οολ.
1119 2122 1177 2209 44)
1210 2123 1253 2188 etc

83 2232 253 2313 παροιμίαν
276 2234 430 2312 περιέετη.
452 2234 604 2312 μέμνηται
627 2233 744 2310 ταύτηε
768 2233 958 2310 Μένανδροε
982 2232 1018 2297 ἐν
1041 2230 1134 2295 Θαίδι
1159 2228 1253 2315 (corr.

84 2337 199 2424 Miller,
222 2340 305 2423 θαίᾳ
327 2336 384 2425 Μ).
807 2356 816 2367 ·

167 2445 215 2511 Of.
234 2446 353 2513 Macar.
369 2445 403 2510 ΙΙ
421 2447 463 2511 39
484 2449 518 2510 et
536 2444 645 2510 Aldin.
666 2446 726 2511 col.
747 2446 799 2531 44,
823 2445 857 2510 in
881 2468 945 2531 qua
968 2446 1058 2510 deest
1080 2442 1253 2510 Menandri

82 2554 312 2619 testimonium.
359 2554 407 2618 De
430 2554 525 2619 initio
548 2558 702 2639 corrupto
727 2553 935 2639 exposuimus
958 2578 988 2638 p.
1014 2554 1064 2618 60.

169 2660 205 2726 M
232 2661 332 2726 1148
357 2664 462 2726 Κείται
490 2660 566 2725 δ’ὁ
593 2663 735 2741 τλήμων·
764 2661 802 2725 τὸ
836 2659 934 2739 ετδμα
966 2663 1252 2740 παρεετραμμένοε,

399 2770 419 2833 δ
442 2770 501 2834 τὸν
524 2768 684 2848 δίμορφον
707 2765 878 2846 (ωκράτην
901 2763 1110 2852 ἀπῶλεεενέ)

164 2874 299 2940 Lemma
325 2876 488 2962 tragicum
517 2875 616 2960 sapit,
649 2896 731 2960 quae
763 2876 941 2958 sequuntur
968 2873 1126 2938 comicum
1155 2871 1251 2959 (Din-

24 3049 28 3055 .
81 2979 177 3046 dorfio
204 2985 339 3066 propter
367 2983 545 3062 (ωκράτην
572 2982 713 3047 formam
743 2980 965 3066 Aristophane
992 2980 1165 3063 iuniorem,
1194 2981 1251 3045 sed

79 3086 115 3152 cf.
136 3087 263 3153 Nauck.
286 3114 316 3174 p.
339 3088 429 3175 374),
453 3090 509 3173 qui
532 3090 632 3153 verba
650 3089 740 3154 illius
759 3089 794 3152 in
812 3110 907 3153 usum
931 3109 1026 3152 suum
1044 3088 1251 3173 converterit,

80 3193 114 3257 cf.
132 3196 176 3259 46
200 3196 242 3260 47
266 3196 309 3258 49
334 3198 394 3261 cet.
431 3194 522 3259 Nihil
542 3195 684 3281 expediit
702 3194 820 3260 Miller.
839 3219 869 3280 p.
889 3195 963 3278 344,
987 3195 1043 3280 qui
1065 3216 1160 3259 versu
1183 3217 1250 3259 non

81 3300 210 3387 cognito
233 3303 419 3382 δύεμορφον
442 3325 612 3387 perperam
635 3301 755 3367 conicit
774 3305 871 3384 atque
890 3301 1125 3386 interpretatur
1144 3300 1212 3385 ‘qui
1230 3325 1250 3366 a
1339 3330 1341 3336 ’

146 3498 172 3565 1)
195 3495 285 3550 Poeta
307 3494 429 3549 comicus
452 3495 610 3564 Sophocleo
633 3499 678 3550 καλ
703 3497 757 3562 γὰρ
784 3495 925 3563 Ἀργείου(
950 3496 1008 3563 δρῶ
1033 3493 1150 3549 fortasse
1173 3497 1248 3564 παρὰ

79 3585 241 3650 προεδοκίαν
267 3583 376 3638 addidit
399 3585 466 3637 τοὺ(
488 3589 587 3652 φῶραε
609 3584 655 3638 vel
678 3582 770 3638 simile
796 3582 876 3652 quid,
900 3583 933 3637 ut
955 3585 1065 3652 ἀργεῖοε
1086 3600 1141 3638 vox
1160 3585 1246 3639 mani-

78 3670 137 3727 festi
155 3673 301 3728 notionem
319 3674 426 3742 (ἀργδε)
445 3673 596 3742 acciperet:
616 3672 650 3726 ef.
670 3689 754 3742 supra
772 3691 798 3742 p.
814 3677 857 3726 55.
896 3671 939 3726 lta
957 3671 1160 3742 Aristophanes
1178 3691 1246 3743 quo·

78 3777 127 3827 que
146 3780 180 3816 ea
200 3780 265 3815 usus
284 3763 473 3818 videturesse
492 3762 567 3830 apud
587 3761 701 3816 Suidam
720 3764 766 3832 (=
780 3759 882 3815 Macar.
903 3761 988 3829 1128)
1005 3763 1121 3830 Ἀργεῖοι
1140 3769 1245 3832 φῶρεε·

78 3851 117 3904 ἐπὶ
148 3856 207 3906 τῶν
239 3853 418 3920 προδήλωε
450 3856 595 3918 πονηρῶν·
629 3851 655 3906 οἱ
690 3852 807 3918 Ἀργεῖοι
840 3852 883 3904 ἐπὶ
915 3854 1002 3920 κλοπῄ
1036 3856 1246 3922 κωμῳδοῡνται.

79 3939 273 4008 Ἀριετοφάνηε
296 3941 439 4009 Ἀναγύρῳ
462 3939 506 4010 (fr.
531 3946 564 3994 57
589 3960 616 4010 p.
640 3946 692 3994 406
711 3941 756 4002 Κ).
793 3939 950 4010 Explicatio
975 3940 1098 3995 eiusdem
1121 3942 1177 3997 fere
1201 3944 1246 3998 est

78 4025 179 4083 tarinae
198 4030 283 4097 atque
302 4045 373 4097 quae
393 4048 419 4098 p.
439 4033 481 4105 65.
501 4036 536 4084 64
549 4047 589 4098 sq.
608 4031 748 4084 tractatae
768 4031 839 4083 sunt.

144 4120 172 4184 2)
191 4117 300 4172 Nauck.
319 4135 347 4187 p.
362 4122 430 4172 374:
451 4115 666 4172 ‘Auffallend
685 4119 722 4172 iet
740 4135 778 4185 es,
796 4119 879 4171 anter
898 4117 951 4173 den
970 4118 1244 4188 Sprichwtrtern...

77 4207 139 4260 νηοί
166 4206 254 4261 durch
281 4207 327 4261 die
351 4206 456 4261 Schuld
486 4208 535 4262 der
558 4209 771 4277 Epitomatoren
800 4223 850 4262 aus
872 4206 961 4262 ihrem
986 4210 1244 4282 Zueammenhange

77 4295 212 4362 geriaeene
233 4295 402 4350 Trimeter
426 4314 459 4350 zu
477 4297 570 4352 finden
593 4341 598 4352 .
620 4339 625 4352 .
646 4297 664 4352 .'
703 4295 759 4351 Sed
778 4296 847 4352 haec
866 4296 972 4366 optime
990 4297 1159 4353 conveniunt
1182 4316 1245 4355 eum

77 4388 172 4440 natura
190 4384 273 4439 huius
292 4384 424 4455 excerpti.
