2925 5050
520 285 756 350 -115-

139 445 254 509 Videsv
273 445 405 529 singula
432 446 549 510 mirum
583 468 679 530 saepe
707 446 741 510 in
757 404 904 511 ’modum
938 448 1131 533 consentire;
1165 449 1221 512 sed

53 554 201 617 universa
223 554 329 617 forma
352 552 469 617 misero
493 558 647 636 corrupta
669 557 702 618 et
722 558 889 619 contracta
913 558 962 617 est
982 554 1016 617 in
1034 556 1220 619 recensione

52 660 168 725 Athos.
214 659 336 723 Verum
365 661 465 725 etiam
494 661 640 725 codicum
669 662 875 746 volgatorum
905 660 1126 725 diasceuastae
1154 684 1221 727 non

50 766 143 829 vacui
166 770 243 830 sunt
266 766 370 849 culpa.
408 765 495 831 Nam
513 768 686 850 proverbia
705 767 765 831 sub
792 767 932 851 singulis
950 768 1114 833 lemmatis
1138 792 1221 833 com-

50 874 157 956 posita
185 874 212 937 si
241 894 322 958 quae
350 874 527 937 servabant
556 894 683 955 semper
711 874 973 939 enarrationibus
1003 875 1222 959 privaverunt,

51 981 237 1065 plerumque
265 983 374 1045 autem
402 982 534 1045 omnino
563 980 758 1044 divellerunt
787 982 820 1043 et
848 981 912 1045 alia
945 982 1009 1045 alio
1036 983 1221 1047 1010νὶ1111-

52 1092 183 1153 ruerunt
200 1088 251 1153 vel
271 1086 350 1151 adeo
370 1087 558 1152 omiserunt
591 1087 663 1164 Quo
683 1088 780 1153 simul
798 1088 970 1171 proverbia
988 1090 1221 1155 accuratiorem
1309 1106 1312 1115 '

55 1195 198 1260 ordinem
216 1196 381 1260 turbantia
400 1218 482 1279 quae
497 1194 639 1260 Zenobio
659 1196 822 1261 vindicare
841 1218 906 1261 non
924 1197 1001 1263 licet
1019 1198 1103 1273 unde
1121 1199 1222 1281 potis-

53 1304 166 1369 simum
190 1304 342 1370 fluxerint
365 1304 399 1368 in
422 1304 548 1369 codices
572 1305 723 1389 volgatos
748 1306 871 1389 optimc
894 1303 1137 1390 intellegitur.¹)
1233 1370 1234 1373 ,

136 1411 206 1475 lam
226 1433 301 1476 vero
322 1411 362 1476 ad
381 1432 535 1496 magnam
554 1412 735 1481 accedimus
755 1414 855 1477 aliam
875 1413 1107 1497 quaestionem.
1148 1412 1223 1477 Non

53 1518 118 1581 sine
142 1539 241 1583 eausa
263 1540 346 1603 quac
374 1518 413 1583 de
436 1519 639 1585 conlectione
661 1519 692 1583 V
719 1520 843 1584 inserta
874 1520 1069 1583 coniceimus
1098 1520 1139 1583 ad
1168 1542 1222 1584 cas

54 1626 135 1689 solas
162 1626 409 1709 proverbiorum
437 1626 535 1690 series
564 1649 662 1710 supra
689 1649 720 1709 p.
748 1627 809 1689 109
837 1608 946 1690 relata
965 1630 1052 1709 sunt,
1085 1648 1167 1709 quae
1192 1620 1220 1691 'A

53 1731 160 1795 littera
174 1733 332 1796 notantur
346 1732 379 1796 in
399 1733 513 1796 tabula
533 1755 563 1815 p.
580 1733 643 1796 106
663 1754 732 1816 sqq.
754 1732 924 1815 descripta.
961 1732 1117 1816 Reliquas
1137 1734 1222 1798 enim

55 1838 105 1923 (B)
133 1840 278 1903 eiusdem
308 1841 379 1903 esse
406 1839 549 1903 fabricae
577 1859 661 1923 nego
695 1843 791 1922 atque
820 1859 969 1923 pernego.
1022 1838 1089 1904 Nec
1121 1832 1222 1924 longa

57 1946 271 2029 disputatione
299 1968 381 2028 opus
412 1950 462 2009 est
489 1947 581 2009 inre
606 1946 813 2028 apertissima
841 1946 1091 2029 comprobanda.
1137 1946 1222 2011 Mira

55 2051 156 2118 hercle
181 2053 378 2135 excerptoris
402 2057 489 2116 esset
512 2053 710 2135 constantia,
740 2053 795 2137 qui
819 2054 1008 2137 opusculum
1033 2054 1113 2117 illud
1137 2054 1222 2119 litte-

56 2181 160 2223 rarum
183 2160 295 2244 ordine
323 2160 516 2242 dispositum
543 2160 762 2225 transcribens
792 2161 967 2225 identidem
996 2161 1055 2227 sub
1085 2161 1223 2246 singulis

55 2378 133 2438 teret
152 2379 185 2441 et
204 2375 315 2439 ordine
340 2373 513 2457 diligenter
536 2376 664 2437 servato
689 2374 851 2439 seiunctas
871 2376 1022 2440 adiceret!
1054 2376 1224 2441 Alterutra

57 2480 151 2564 igitur
178 2482 278 2546 series
312 2480 371 2545 sub
406 2480 543 2565 singulis
572 2479 691 2544 litteris
720 2480 849 2546 aliunde
879 2486 929 2546 est
958 2482 1107 2566 repetita.
1153 2481 1223 2547 lam
1254 2490 1255 2493 ’

56 2595 237 2673 pergratum
261 2587 392 2670 accidit,
421 2588 520 2671 quod,
548 2610 621 2652 cum
645 2588 768 2652 alterae
792 2586 851 2673 (A)
875 2589 994 2672 ubique
1023 2591 1139 2654 intima
1167 2590 1224 2652 illa

56 2695 292 2779 propinquitate
330 2696 425 2779 quasi
461 2695 653 2780 contingant
685 2696 898 2760 conlectionis
930 2695 961 2759 V
993 2696 1223 2781 fragmentum,

58 2802 172 2868 alterae
192 2800 250 2889 (B)
271 2802 420 2866 universa
442 2802 551 2866 indole
569 2802 643 2886 plus
666 2802 814 2867 minusve
837 2803 877 2866 ab
902 2825 939 2867 eo
964 2804 1069 2868 solent
1092 2803 1222 2868 distare.
1284 2861 1286 2864 .

57 2908 135 2974 Nam
158 2910 273 2994 quiea
291 2909 454 2992 disposuit
472 2931 535 2974 noa
557 2910 645 2973 medo
668 2908 758 2974 daos
777 2909 896 2974 litteras
914 2911 1032 2974 11111111
1050 2911 1223 2993 respersisse,

57 3021 90 3080 ut
115 2994 325 3082 conlectionis
350 3014 380 3079 V
404 3020 530 3100 auctor,
554 3016 609 3080 sed
638 3016 739 3080 trinas
767 3015 956 3100 plerumque
985 3019 1031 3082 cel
1057 3023 1224 3100 quaternas

57 3125 97 3188 cel
113 3127 206 3189 eram
220 3125 343 3206 plurem
363 3125 460 3206 atque
480 3122 688 3205 transcripsit
700 3105 805 3185 'etiam
825 3123 1038 3206 requisitioris
1055 3124 1223 3188 'doctrinae

60 3232 162 3315 copias
198 3232 239 3296 ad
276 3252 326 3296 res
361 3231 520 3295 1111111111
555 3229 764 3313 potissimum
796 3229 1005 3314 publicasque
1039 3230 1223 3295 Atticorum

59 3339 251 3418 pertinentes
271 3337 325 3423 (cf.
346 3338 409 3402 162
436 3338 499 3402 175
522 3336 588 3401 254
611 3336 677 3422 2114
699 3335 764 3400 399
784 3337 961 3402 431-435
981 3337 1045 3402 532
1070 3337 1135 3401 630
1158 3338 1222 3402 678

61 3444 115 3508 117
140 3446 204 3510 819
229 3446 293 3510 849
318 3443 399 3532 943)
427 3467 531 3528 neque
555 3445 636 3509 adeo
660 3447 831 3529 poetarum
860 3447 1116 3531 scriptorumque
1140 3447 1223 3510 anti·

61 3572 189 3634 quorum
213 3555 393 3619 testimonias
416 3557 576 3618 carentes:
599 3552 688 3616 velut
710 3551 752 3615 57
773 3551 893 3617 citatur
912 3553 1132 3636 Pherecrates,
1159 3553 1223 3617 164

62 3712 266 3724 w

14 3802 15 3841 ἒ
125 3803 151 3871 1)
170 3801 211 3855 Da
235 3801 341 3871 origine
369 3799 551 3856 comestionis
578 3798 694 3869 quintae
718 3799 807 3854 fusius
826 3793 973 3869 ‘exponere
997 3817 1053 3857 non
1076 3804 1119 3856 est
1141 3799 1223 3856 huius

14 3946 15 3951 .
61 3886 116 3943 loci.
147 3890 346 3960 Diogeniaims,
365 3890 400 3945 dc
419 3907 474 3959 quo
493 3889 578 3944 facile
596 3889 659 3958 quis
678 3887 853 3958 cogitaverit,
872 3906 907 3943 ne
921 3907 995 3944 nunc
1010 3891 1122 3958 quidem
1135 3890 1223 3944 ullam

14 4000 15 4045 1
61 3975 139 4032 habat
157 3979 247 4034 fidem
284 3979 414 4035 Ceterum
438 3979 525 4035 etiam
543 3978 656 4034 dicendi
679 3998 731 4033 usu
755 3978 894 4047 certisque
919 3978 1087 4048 quibusdam
1105 3979 1222 4034 locutio·

14 4052 15 4129 1
62 4067 133 4123 nibus
151 4070 220 4124 haee
244 4071 391 4140 proverbia
409 4087 427 4124 a
445 4068 553 4124 ceteris.
565 4067 694 4124 omnibus
713 4066 783 4123 satis
801 4068 987 4137 probabiliter
1005 4067 1125 4122 discerni
1143 4069 1222 4137 pote-

14 4221 15 4227 ,
62 4160 125 4211 runt.
164 4158 272 4224 Quoia
292 4176 393 4230 genere
417 4175 489 4228 quae
512 4159 581 4213 satis
604 4159 696 4211 multa
719 4159 778 4212 iam
801 4155 908 4211 contuli
931 4173 946 4210 a
970 4155 1078 4212 seriniis
1101 4172 1136 4209 ne
1159 4172 1223 4225 pro·

14 4268 15 4277 1
63 4262 128 4300 nam
151 4265 183 4303 eo
212 4249 376 4318 prohibeor,
404 4249 480 4317 quod
507 4249 579 4302 tales
602 4245 779 4315 quaestiones
803 4263 837 4300 ea
865 4264 921 4314 qua
944 4264 1012 4316 opus
1037 4246 1079 4298 est
1101 4244 1225 4312 ἀκριβείᾳ

14 4330 15 4423 l
63 4334 168 4392 iacun
192 4341 383 4408 nonpossint
403 4339 458 4393 nisi
476 4337 790 4407 paroemicgraphorum
814 4335 937 4390 editione
963 4350 1029 4390 vere
1052 4333 1150 4388 critica
1177 4333 1225 4387 ad-

64 4429 158 4481 ornata.

14 4516 15 4525 ,
958 4514 997 4568 8*
