2925 5050
702 247 918 311 -96-

220 406 408 489 composita
426 409 623 471 tractantur:
643 405 683 469 cf.
696 410 824 489 praeter
844 406 990 490 exempla
1009 427 1106 489 supra
1119 403 1152 469 ΙΙ
1165 407 1185 486 ξ
1200 406 1221 469 4
1237 404 1404 488 exscripta

223 512 240 577 I
264 514 304 577 77
329 514 374 577 rb
397 515 436 577 δέ
460 534 519 577 τοι
547 515 658 579 κλέοε
682 515 919 593 ἐεεομένοιο·
943 516 1089 579 λέλεκται
1109 513 1188 592 αὕτη
1206 514 1226 592 ή
1246 512 1404 592 παροιμία

225 623 277 686 ἐπὶ
295 626 361 687 τῶν
380 619 553 699 δαιμονίων
577 621 738 698 γίγνεεθαι
757 623 1029 700 προδηλουμένων
1049 623 1137 704 φήμῃ
1156 620 1226 687 τινί.
1264 620 1402 700 Χρύειπ-

225 750 286 793 ποι
309 730 345 792 δὲ
370 727 547 808 μετατίθηει
570 725 619 791 ςτὸ
643 730 679 793 δέ
688 749 748 815 ,τοι
767 727 871 793 κλέοε’
895 729 1001 805 λέγων
1020 728 1130 808 μόνον,
1154 730 1340 807 μετέθηκε
1366 729 1403 791 δὲ

225 836 435 917 κάκείνηνῆ
455 838 542 913 λέγει
561 835 637 901 ξὅθι
651 858 721 916 περ
740 839 827 901 δέοε
851 836 943 902 ἔνθα
966 838 1026 901 καὶ
1045 835 1178 900 αἰδώε’
1193 836 1279 900 οὕτω
1296 834 1403 917 (γὰρ)

224 946 282 1024 τὴν
305 944 475 1023 παροιμίαν
498 940 708 1029 ἐκδέχεταηῙ)
730 943 764 1008 ΙΙ
788 944 829 1008 37
855 944 1002 1008 Κύλλοιι
1026 945 1162 1023 πήραν·
1192 942 1270 1020 αὕτη
1297 962 1403 1020 παρα-

223 1052 338 1132 πληεία
360 1053 424 1116 ἐετι
446 1058 484 1136 τῆ
499 1050 747 1132 ἐμβάλλεται
767 1050 821 1115 είε
840 1049 1007 1130 κύλλην’,
1026 1051 1097 1115 ἐπει
1112 1050 1162 1114 καί
1182 1050 1214 1114 oi
1234 1050 1403 1114 αἰτοῦντει

224 1162 282 1238 τήν
298 1164 389 1238 χεῖρα
403 1160 489 1223 οὕτω
505 1159 755 1239 εχηματίζουαν
780 1154 1119 1243 1111148(P1uc.118)
1142 1157 1209 1221 τὸν
1232 1157 1272 1221 ἐν
1291 1154 1345 1219 (c
1351 1175 1403 1236 μω

224 1269 407 1346 κομήτην·
431 1266 557 1345 (ἀμιόε
567 1287 614 1330 τιε
637 1267 768 1344 ἐγένετο
788 1287 908 1345 πυκτηε
922 1269 1031 1330 κτλ
1046 1264 1192 1342 ,ὥεπερ
1216 1264 1283 1328 τὸν
1309 1260 1401 1339 ἀλη-

224 1376 410 1451 λεεμένον
435 1373 519 1453 βίον
542 1374 573 1438 οἱ
596 1375 654 1453 μὲν
672 1374 725 1437 ἐπὶ
743 1376 809 1438 τῶν
832 1372 969 1452 πλάνητι
989 1372 1046 1457 βίῳ
1065 1372 1240 1451 χρωμένων
1259 1388 1400 1448 προιε-

224 1481 400 1560 δέξαντο,
425 1480 456 1544 οἱ
480 1481 515 1543 δὲ
538 1480 591 1543 ἐπὶ
613 1483 679 1545 τῶν
698 1478 933 1558 ἀταλαιπώρωε
957 1478 1113 1560 βιούντων
1137 1475 1267 1562 (quibus
1290 1474 1400 1540 verbis

224 1586 479 1670 disputationem
503 1587 542 1651 de
565 1588 747 1669 proverbiis
767 1586 929 1671 ambiguis
952 1586 1080 1651 institui
1099 1582 1261 1667 vidimus).
1299 1582 1400 1647 Zeno-

225 1693 297 1757 bius
321 1696 349 1759 si
368 1694 498 1780 singula
515 1695 688 1777 proverbia
706 1716 851 1759 seorsum
871 1714 1022 1759 enarrare
1041 1692 1205 1776 voluisset,
1228 1694 1317 1757 certe
1339 1689 1400 1754 sibi

225 1802 442 1884 constitisset,
469 1823 572 1886 neque
596 1800 731 1865 diversis
755 1802 875 1866 coactis
899 1802 1140 1884 coniunctisque
1163 1802 1232 1865 tam
1257 1820 1357 1883 saepe
1381 1818 1399 1860 e

225 1910 352 1993 seipse
380 1909 590 1974 discessisset.
635 1907 695 1974 cui
720 1912 912 1994 argumento
937 1910 965 1974 si
987 1909 1084 1974 fidem
1107 1930 1173 1973 non
1195 1907 1243 1971 vis
1267 1896 1400 1986 hebere,
1440 1908 1441 1975 1

225 2015 265 2078 cd
295 2016 447 2081 ultimum
478 2016 558 2081 illud
593 2017 777 2100 exemplum
808 2020 842 2081 te
872 2016 998 2101 ablego.
1047 2014 1123 2082 Non
1149 2015 1216 2079 τὸν
1245 2014 1281 2078 ἐν
1305 2011 1398 2095 (άμῳ

226 2124 366 2203 κομήτην
393 2124 428 2188 in
451 2124 632 2207 proverbiis
659 2124 748 2189 videt
733 2127 788 2188 tur
814 2124 929 2208 fuisse,
960 2124 1015 2189 sed
1039 2123 1059 2189 ὁ
1086 2124 1122 2189 ἐν
1144 2120 1238 2205 (άμῳ
1262 2116 1441 2207 κομήτηι1λ

225 2231 276 2293 vel
299 2231 336 2296 ἐν
360 2230 453 2314 (άμῳ
477 2233 613 2311 κομήτηε
641 2228 695 2317 (cf.
716 2229 745 2293 B
770 2232 849 2312 422,
878 2231 962 2315 quod
989 2253 1055 2296 non
1081 2230 1234 2295 haustum
1262 2249 1334 2292 esse
1361 2248 1397 2289 ex
1440 2210 1441 2311 1

229 2337 302 2420 ipsc
324 2339 464 2422 epitome
484 2338 669 2404 Zenobianc
687 2338 773 2404 inire
794 2344 853 2423 pet
838 2339 923 2405 tebit
909 2336 948 2421 t.)
984 2338 1103 2404 Forma
1121 2338 1177 2402 ille
1199 2335 1322 2399 indicio
1342 2336 1398 2415 est,

227 2444 346 2510 lemme
369 2448 555 2530 excerptum
585 2467 655 2510 esse
683 2468 721 2510 ex
749 2446 895 2532 pleniore
919 2446 1063 2532 disputt
1029 2446 1151 2529 sione,
1170 2440 1212 2507 in
1240 2466 1305 2528 que
1328 2462 1396 2526 pro-
1440 2450 1441 2552 1

228 2549 371 2616 verbium
392 2574 431 2616 ex
451 2552 549 2616 verbo
565 2551 675 2636 aliquo
691 2553 854 2637 penderet,
874 2553 956 2618 sicut
974 2556 1088 2636 postea
1105 2553 1164 2617 τὸν
1182 2551 1441 2652 ἀληλεεμένον1

227 2658 296 2738 βίον
321 2682 340 2723 a
363 2661 605 2738 προεεδέξαντο.
612 2656 640 2744 ²)
682 2658 773 2724 Haec
795 2682 861 2724 non
887 2663 962 2726 sunt
947 2659 1126 2724 thominis
1148 2658 1236 2724 docti
1259 2655 1427 2724 aliorum

226 2788 324 2850 opere
351 2767 385 2830 in
409 2768 565 2851 epitomes
589 2767 728 2832 formam
752 2769 909 2854 redigent
900 2791 942 2853 rs,
973 2768 1027 2833 sed
1050 2767 1176 2832 librarii
1200 2766 1322 2849 scripte
1344 2762 1394 2828 vix
1440 2779 1441 2828 1

224 2873 390 2938 intellecta
404 2875 603 2958 excerpentis
625 2881 658 2938 et
676 2875 900 2959 imprudenter
920 2874 1188 2960 impudenterque
1206 2871 1396 2936 mutilantis.

313 2979 459 3046 Eandem
487 2980 555 3045 fere
583 3003 680 3065 quam
714 3005 795 3066 opus
824 2965 1044 3048 Zenobianum
1072 2981 1209 3045 formam
1233 2976 1395 3044 Plutarchi
1440 2971 1441 3034 1

226 3087 414 3171 opusculum
438 3085 514 3174 (IV)
536 3088 664 3152 videtur
686 3089 839 3154 habuisse
864 3089 1039 3174 eademque
1062 3087 1187 3152 ratione
1210 3090 1393 3170 corruptum
1440 3109 1441 3186 1

226 3217 308 3280 esse:
331 3195 364 3259 id
388 3195 473 3279 quod
492 3196 539 3260 eis
563 3218 645 3280 quae
666 3218 697 3281 p.
719 3197 760 3261 12
784 3220 853 3282 sqq.
876 3197 1086 3262 disseruimus
1105 3195 1262 3280 reputatis
1280 3195 1393 3278 sponte

226 3301 389 3366 concedes.
441 3300 643 3371 decoctionis
674 3303 855 3386 sophisticae
886 3304 1104 3388 fragmentum
1128 3298 1186 3388 (V)
1213 3301 1393 3366 universam
1440 3349 1441 3352 ι

226 3409 292 3472 fere
320 3409 459 3492 speciem
495 3432 641 3475 servasse
667 3410 702 3475 in
732 3415 845 3494 aperto
877 3414 940 3493 est,
971 3409 1026 3474 sed
1055 3409 1174 3473 mirum
1201 3409 1235 3471 in
1258 3407 1394 3483 modum,

226 3515 356 3599 gravius
379 3515 477 3581 etiarn
500 3539 596 3601 quarn
620 3522 761 3601 ceterae,
785 3521 972 3602 corruptum
997 3519 1047 3580 est
1069 3518 1103 3579 et
1125 3518 1336 3579 contractum.
1440 3577 1441 3594 1

313 3621 521 3688 Recensionis
559 3626 660 3709 igitur
693 3625 821 3690 Athone
856 3625 1029 3708 praecipua
1065 3624 1168 3688 virtus
1201 3623 1234 3686 in
1267 3642 1303 3685 eo
1338 3622 1391 3699 est,
1440 3597 1441 3678 1

226 3727 311 3812 quod
342 3730 406 3793 ceri
429 3731 661 3812 proverbiorum
688 3734 809 3798 ordinis
841 3733 958 3797 saltem
986 3731 1115 3814 cestipc‘c
1147 3729 1301 3814 quaedam
1335 3745 1390 3790 ser·

225 3835 323 3899 veuit
372 3834 412 3899 In
440 3837 577 3922 singulis
607 3839 698 3921 locis,
731 3861 927 3923 quemquem
955 3837 1042 3902 haud
1070 3859 1173 3921 peuce
1203 3835 1334 3900 exhibet
1361 3833 1391 3896 in
1440 3827 1441 3834 ³

296 4010 465 4081 1)Volgcta
487 4012 578 4067 forma
601 4016 644 4069 est
631 4014 712 4069 ίῖνα
733 4016 791 4082 γὰρ
810 4015 873 4068 δέοι
891 4017 958 4068 ἔνθα
977 4017 1021 4068 καλ
1040 4013 1137 4068 αἰδώεε
1156 4011 1190 4067 ο1.
1210 4009 1341 4065 Leutsch.
1359 3985 1441 4108 cd}

224 4101 268 4155 Ps.
270 4098 365 4171 -Diog
385 4100 554 4156 V30et1n
572 4102 620 4157 vol
639 4103 710 4172 Hp.
731 4107 782 4157 ‘166
801 4104 859 4158 not.
879 4103 950 4158 conl
969 4121 997 4172 p.
1017 4107 1080 4158 463.
1205 4160 1208 4166 ,
1440 4151 1441 4206 1

296 4191 468 4259 prorum
482 4191 570 4244 etiam
583 4191 649 4245 1118
664 4193 789 4260 ἀργυρᾶν
804 4193 883 4258 λιμόν
897 4193 953 4246 hnc
966 4191 1150 4260 referendum,
1166 4185 1441 4260 cuiusproverbii
1440 4213 1441 4288 1

224 4277 360 4333 veriorem
383 4279 502 4336 formam
525 4280 650 4336 servavit
672 4281 792 4350 Hesych.
816 4300 837 4337 s.
862 4301 887 4339 ν.
912 4281 1034 4350 ἀργνρέα
1057 4281 1146 4350 λιμόε,
1170 4280 1206 4336 cf
1229 4281 1325 4334 Arsen.
1350 4293 1389 4345 cp.

223 4365 350 4436 Apostol.
369 4369 408 4423 III
428 4377 488 4425 ⁷1⁸.
