2925 5050
536 289 755 353 ,67-

41 491 43 496 .
70 447 116 512 γὰρ
138 447 154 498 ά
178 445 285 512 μάντι(,
315 445 384 498 άλλά
406 453 548 515 (τοχα(μῷ
577 447 618 498 κέ·
673 447 789 510 γνώεκει
804 448 853 513 μὲν
866 447 1065 514 γάρὸμάντι(,
1084 446 1152 499 άλλά
1171 462 1230 499 (το·

70 551 165 601 χρηται.
203 533 360 600 Εύρί(κεται
383 535 413 588 δέ
436 532 522 606 <κοί>
546 536 617 600 αὕτη
672 543 767 604 χαεμῷ
777 540 876 603 χρῆται
886 538 942 590 κτλ,
951 534 984 588 cf.
994 534 1086 588 Schol.
1096 533 1230 602 Sophhi.

70 627 83 689 ἡ
101 621 228 690 παροιμία
246 624 322 690 παρὰ
344 630 385 692 τῷ
410 623 544 690 (αφακλεῑ
563 623 618 691 (Αἱ.
674 629 725 678 746
745 624 783 678 εἰ(
796 623 973 691 παροιμίανὸ
990 623 1079 690 (τίχο(
1092 629 1230 691 παρῆκται

73 714 134 782 745).
163 713 238 779 εἴπερ
266 730 291 765 τι
317 713 421 778 Κάλχα(
444 713 475 766 εὖ
503 717 619 779 φρονῶν
673 713 709 779 ἣν
731 715 777 766 καί
796 714 994 781 Ἀρι(τοφάνη(
1018 714 1173 781 ἀναγράφει
1193 718 1231 782 (p.

71 804 232 866 μαντεύεται.
348 866 355 878 ⁸
674 807 726 855 236
744 801 873 871 Nauck).

72 894 307 958 Diasceuastam
332 893 455 957 scholia
479 893 686 976 exscripsisse
709 895 744 958 in
768 899 880 978 aperto
904 898 962 960 est.
1004 894 1066 970 Qui
1085 894 1231 979 sequitur

74 1001 155 1064 locus
178 999 372 1084 Euripideus
396 1000 432 1064 ἐν
455 1003 619 1084 πληεμονή
642 1022 692 1064 τοι
712 1002 827 1081 Κύπρι(
851 999 985 1087 (Athen.
1007 1000 1055 1065 Vl
1072 1025 1103 1085 p.
1121 999 1232 1065 2700

71 1112 99 1171 et
120 1130 199 1192 quos
223 1107 346 1171 indicat
368 1105 492 1171 Nauck.
514 1106 553 1170 fr.
577 1107 656 1192 887)
681 1130 719 1172 ex
743 1108 865 1174 eisdem
888 1109 1022 1174 scholiis
1045 1106 1235 1192 Sophocleis

73 1215 179 1279 ductus
202 1213 341 1297 videtur,
364 1213 403 1276 cf.
428 1213 467 1277 ad
491 1212 604 1297 Antig.
629 1215 702 1279 781.
1274 1301 1278 1306 ι

151 1320 291 1386 Subinde
316 1319 440 1384 scholia
463 1319 625 1384 Lucianeu
648 1321 832 1404 expilantur
854 1345 930 1387 nem
954 1344 1036 1407 quae
1059 1326 1236 1407 sequuntur

71 1429 235 1512 proverbia
264 1427 373 1492 omnia
396 1426 437 1490 ad
459 1425 638 1490 Lucianum
661 1427 776 1493 referri
802 1433 942 1513 possunt
972 1429 1235 1514 atqueexplice-

71 1537 168 1602 tiones
192 1557 319 1621 quoque
337 1556 569 1618 nonnunquam
588 1556 662 1599 cum
686 1535 819 1601 scholiis
838 1536 934 1601 editis
954 1536 1101 1621 quamvis
1127 1557 1233 1602 recen-

72 1643 152 1708 tibus
185 1643 365 1726 lacerisque
398 1641 477 1706 satis
511 1645 585 1727 apte
616 1639 845 1729 congruuntl)
896 1643 946 1707 De
982 1645 1058 1721 μι(ῶ
1090 1644 1234 1722 μνήμονα

74 1746 260 1835 (υμπότανί)
285 1748 324 1813 cf.
346 1748 477 1814 Lucian.
500 1770 591 1813 conv.
615 1749 649 1832 33
678 1749 717 1812 de
740 1750 843 1829 Λέρνη
871 1753 977 1814 κακῶν
1006 1748 1082 1812 dial.
1104 1770 1182 1813 mar.
1206 1749 1236 1831 6,

73 1878 137 1928 nau.
164 1859 221 1940 273
256 1855 333 1940 quin
365 1855 473 1939 ipsum
501 1853 582 1918 illud
610 1851 694 1937 quod
724 1855 870 1939 sequitur
897 1856 937 1920 οὐ
964 1856 1050 1920 πάνυ
1074 1878 1112 1935 με
1134 1857 1153 1934 ἡ
1177 1861 1236 1920 τού

75 1964 239 2027 Κύκλωπα(
254 1962 420 2042 εὐφραίνει
435 1961 542 2041 δωρεά
555 1982 619 2026 non
631 1962 830 2043 proverbium
842 1967 895 2041 est,
912 1965 967 2028 sed
981 1965 1081 2045 ipsius
1098 1965 1235 2028 Ιαωαιιί

73 2069 146 2135 loeus
163 2070 274 2152 οαίαρί.
291 2070 332 2134 14
346 2071 382 2134 ta
399 2070 521 2134 scholiis
533 2089 594 2151 pro
613 2069 753 2133 lemmate
767 2067 982 2156 exemptusp)
997 2092 1072 2134 nam
1089 2093 1148 2154 pro
1163 2093 1235 2155 pro-

73 2177 174 2242 verbio
199 2178 271 2242 sola
290 2178 465 2242 Κύκλωπα(
486 2176 593 2256 δωρεά
616 2175 714 2241 verba
736 2175 867 2241 fuerunt
890 2177 961 2242 ἀντὶ
982 2183 1042 2242 τού
1065 2178 1236 2260 ἀνωφελή(

74 2283 242 2367 interprete
262 2283 401 2348 Arsenio
427 2283 511 2367 apud
535 2282 745 2366 Apostolium
763 2281 925 2369 Xuoaf)
957 2283 1078 2350 Verum
1103 2309 1144 2350 ne
1168 2287 1237 2350 ulle

74 2395 231 2455 remaneat
254 2390 425 2476 dubitatis,
449 2412 531 2475 qnae
555 2393 733 2474 sequuntur
752 2412 791 2454 ex
808 2389 843 2452 M
862 2394 895 2455 ct
914 2390 1048 2457 scholiis
1067 2392 1236 2458 Lucianeis

49 2555 53 2563 .
74 2493 157 2584 (dial.
174 2500 269 2565 mort.
290 2495 337 2562 VI
355 2495 391 2584 2)
416 2496 607 2564 exscribam:

140 2730 164 2798 1)
183 2726 268 2782 Haud
290 2742 380 2795 pauca
402 2727 478 2795 quod
497 2727 604 2782 frustra
622 2726 651 2780 in
670 2726 710 2781 eis
734 2737 865 2797 quaeres,
887 2744 944 2782 non
968 2727 1069 2783 mirum
1087 2729 1118 2783 in
1136 2731 1238 2786 misera

75 2832 161 2871 eorum
180 2815 353 2872 condicione.¹

146 2910 172 2976 2)
189 2906 266 2959 Duas
285 2902 443 2959 distinxisse
465 2906 595 2961 videntur
613 2904 860 2975 paroemiographi
877 2907 994 2975 formae,
1018 2913 1084 2974 μκῶ
1104 2909 1239 2974 μνάμονα

76 2996 114 3061 (2
125 2995 299 3065 ἑπί(ταθμον)
314 2996 468 3060 (υμπόταν
488 2996 517 3049 et
536 3015 560 3063 μ.
577 2997 713 3064 μνήμονα
732 2997 907 3064 (memorem)
927 2999 1094 3065 cupudrnv:
1115 2998 1148 3053 cf.
1163 3000 1238 3056 Plut.

76 3086 173 3151 quaest.
188 3101 267 3139 conv.
284 3092 312 3149 13
332 3086 640 3156 pvllpovojcuputruv
659 3085 771 3140 defendi
785 3084 832 3140 vix
845 3088 947 3154 potest,
966 3104 1136 3155 quamquam
1153 3088 1240 3143 habet

75 3172 152 3227 etiarn
170 3172 257 3229 schol.
277 3172 327 3227 Od.
346 3190 364 3238 γ
383 3178 443 3229 332.

139 3267 164 3333 3)
183 3262 279 3318 Verba
293 3263 351 3318 eius
366 3266 443 3317 suntr
463 3265 590 3332 ἄκουεον,
610 3263 772 3331 ιῙιβελτίετη
788 3266 911 3333 Μοιρῶν.
932 3265 969 3317 ού
984 3265 1070 3318 πάνυ
1090 3281 1127 3331 με
1145 3269 1238 3333 urci)

77 3352 249 3407 Κύκλωπα(
273 3352 450 3419 εὐφραίνει
474 3352 597 3420 δωρεά,
621 3352 654 3405 τὸ
673 3354 876 3421 ύπαεχνεῑεθαι,
901 3353 944 3405 ὅτι
967 3352 1096 3419 πύματον
1114 3355 1170 3420 ἐγὼ
1188 3358 1239 3409 τὸν

77 3442 151 3495 Ούτιν
165 3444 322 3507 κατέδομαι.
351 3442 433 3497 Errat
445 3440 538 3495 Miller
556 3443 593 3495 ad
607 3443 625 3495 l.
637 3445 666 3496 et
679 3459 706 3510 p.
722 3449 783 3497 347.
812 3441 943 3511 Sequitur
958 3430 1107 3511 explicatio
1122 3445 1239 3499 ἐπὶτῶν

77 3530 153 3594 δῆθεν
172 3532 358 3597 δωρουμένων
377 3532 517 3599 ἀναβολήν
531 3547 594 3584 τινα
607 3537 704 3599 καιρού
725 3534 862 3600 (κακούί),
882 3533 942 3585 εἶτα
956 3531 1038 3585 πάλιν
1052 3534 1087 3585 τὰ
1101 3534 1239 3601 πρότερον

79 3618 189 3673 δόξαντα
211 3620 414 3685 πεποιηκότων.
451 3621 582 3687 Παρό(αν
600 3621 616 3672 ὁ
637 3621 755 3687 Κύκλωψ
773 3625 831 3675 κτλ.
868 3620 966 3674 Priora
983 3618 1034 3672 ille
1052 3619 1165 3675 omnino
1183 3638 1240 3676 non

77 3704 247 3761 inveniuntur
265 3707 295 3761 in
314 3708 411 3762 scholl.
430 3708 496 3761 Luc.
516 3726 542 3777 p.
564 3714 615 3763 106
634 3710 704 3775 Iac,
724 3709 827 3763 ultima
844 3707 901 3763 alio
919 3724 1046 3761 sermone
1066 3708 1096 3761 et
1113 3708 1240 3764 breviore

79 3794 267 3863 exprimuntur.
305 3796 489 3851 Diasceuaste
511 3796 635 3865 pleniore
660 3797 829 3852 scholiorum
853 3796 1008 3865 exemplari
1031 3814 1098 3851 usus
1121 3814 1181 3852 esse
1200 3798 1239 3852 vi·

79 3880 159 3951 detur,
176 3902 346 3953 quamquam
360 3885 436 3940 haud
455 3886 513 3940 scio
527 3902 564 3939 an
578 3884 613 3939 de
628 3903 677 3940 suo
693 3887 832 3954 quaedem
846 3888 875 3941 et
889 3886 1025 3941 adiecerit
1038 3888 1068 3941 et
1080 3886 1240 3958 mutaverit,
1309 3902 1313 3908 ·

81 3971 153 4027 velut
170 3972 264 4042 lepida
281 3974 332 4027 illa
351 3974 385 4028 de
404 3973 504 4043 quibus
522 3974 606 4028 modo
625 3973 830 4044 disputavimus
849 3993 876 4043 p.
896 3981 937 4029 66.

143 4063 168 4129 4)
189 4060 229 4116 cf.
244 4060 331 4116 etiam
345 4061 472 4117 Eurtath.
489 4063 525 4116 ad
540 4061 590 4116 Od.
601 4066 680 4129 pact
691 4082 718 4133 p.
731 4070 800 4119 1926
814 4066 883 4118 extr.
895 4066 991 4119 Ἰ(τέον
1005 4066 1036 4119 δὲ
1050 4063 1140 4118 ὅτιτὸ
1153 4066 1240 4120 ταύτύ

80 4165 115 4201 (αι
133 4150 190 4203 ἀντὶ
207 4151 295 4205 ποδὸ(
313 4152 444 4219 ξεινήϊον,
464 4150 501 4204 εί(
519 4151 668 4219 παροιμίαν
687 4153 801 4219 ύ(τερον
820 4153 915 4207 ἔπεεεν
935 4154 1055 4207 ἐπὶτῶν
1074 4153 1135 4206 ἀντὶ
1154 4159 1240 4208 κακού

81 4236 269 4305 άπαλαβύντων
288 4241 383 4293 κακόν.
402 4241 438 4306 ήν
457 4240 488 4294 δὲ
502 4240 588 4307 (οφὸ(
605 4240 750 4305 πομμέγα(
767 4243 812 4293 καί
830 4241 904 4309 ἱερὸ(
917 4243 933 4295 ά
948 4242 1083 4308 κατάρξα(
1096 4243 1177 4307 τῆεδε
1191 4247 1242 4311 τῆ(

80 4327 223 4396 παροιμία(,
237 4330 268 4382 ὃ(
281 4330 326 4381 καί
342 4329 556 4383 Κυκλώπειον
570 4330 700 4396 δωρεάν
715 4331 771 4397 ἔφη
787 4331 826 4383 ιύ(
839 4332 871 4384 ἑκ
884 4336 942 4385 τῶν
957 4330 1027 4384 κατά
1039 4329 1174 4385 Κύκλωπα
1187 4334 1241 4399 τήν

81 4418 120 4468 καί
137 4418 236 4483 ύιμιμον
254 4421 299 4473 καί
318 4416 445 4485 ὀλεθρίαν
463 4420 520 4471 κτλ.

977 4508 1015 4563 61
