2925 5050
503 308 716 372 -59-

30 469 184 534 11114M
218 471 258 534 12
277 469 303 532 L
332 468 350 532 ὁ
375 471 564 548 Κερκυραῖοι
589 467 836 546 μαετιγούμενοε
856 465 955 545 iduor
978 465 1078 530 αὐτὸν
1101 465 1197 544 ἠργο-

32 573 206 662 ieiunumst)
240 576 296 640 ubi
326 577 432 659 ipsum
459 575 668 659 proverbium
698 575 871 653 Κερκυραία
900 573 1005 654 μάετιξ
1038 571 1197 636 omissum

34 705 94 746 esse
117 705 157 746 ex
182 681 326 746 Zenobio
346 681 495 747 Parisino
518 681 725 765 consequitur
748 679 860 745 eodem
880 675 1100 760 Aristotelis²)
1125 677 1197 741 loco

31 789 100 852 illud
130 792 303 852 enarrante
331 786 378 851 IV
402 788 455 852 49.
501 787 577 852 Alio
604 786 723 852 indicio
756 788 952 870 excerptoris
980 786 1068 849 fraus
1096 784 1197 848 mani·

33 897 105 959 festa
132 896 172 958 fit
200 894 217 957 I
242 896 293 960 81.
344 895 499 980 Legimus
527 900 603 980 post
636 894 844 980 proverbium
876 893 895 958 ὁ
931 892 1109 971 Καρπάθια(
1139 893 1197 956 τὸν

35 1002 150 1078 λαγών.
163 1002 253 1066 ..ἐπὶ
265 1005 332 1065 τῶν
346 1001 472 1066 ἑαυτοῑε
485 1003 714 1080 ἐπισπωμένων
727 999 820 1063 aaut:
840 1000 938 1079 Οἰνόη
953 1002 1010 1079 τὴν
1024 999 1197 1078 χαράδραν.

35 1109 216 1188 Ἰιοδυναμεῖ
240 1110 300 1173 καὶ
324 1108 403 1187 αὕτη
427 1115 464 1193 τῇ
490 1109 553 1188 πρὸ
576 1108 682 1187 αὐτῆι.
723 1108 824 1187 Οἰνόη
848 1108 909 1187 γὰρ
933 1113 1031 1186 δῆμος
1055 1108 1118 1170 tert
1141 1111 1196 1186 τῆς

33 1215 160 1296 Ἀττικὴ(
190 1219 254 1280 κτλ.
301 1212 367 1284 Ubi
391 1237 429 1278 ex
452 1236 530 1280 voce
558 1211 640 1300 mc)
671 1213 861 1278 concludere
888 1237 1073 1298 possumus,
1105 1214 1197 1278 iniui-

35 1346 110 1386 num
133 1322 268 1386 tertium
292 1323 499 1405 proverbium
529 1322 662 1386 eandem
695 1322 890 1386 sententiam
919 1321 1087 1386 continens
1116 1321 1197 1386 exci-

36 1428 118 1511 disse,
137 1428 264 1492 scilicet
283 1449 382 1490 uuum
403 1450 440 1490 ex
454 1428 611 1492 duodecim
630 1426 695 1490 illis
716 1449 798 1510 quae
816 1426 851 1489 in
869 1427 982 1510 quinta
997 1427 1198 1492 conlectione

38 1557 57 1597 s.
77 1558 103 1598 v.
126 1536 176 1600 αἲξ
207 1537 266 1613 τὴν
295 1533 453 1614 μάχαιραν
483 1531 605 1618 (Aldin.
635 1535 694 1598 col.
719 1535 761 1597 14
786 1564 828 1586 =
852 1532 961 1598 Graux
985 1535 1024 1600 31
1052 1565 1094 1588 ==
1109 1533 1199 1628 Mill.

37 1665 61 1724 p.
85 1639 163 1728 376)
192 1646 408 1707 recensentur.
453 1640 561 1705 Minus
590 1643 713 1705 eertum
741 1640 828 1704 idem
857 1640 1010 1705 iudicium
1039 1646 1089 1706 est
1115 1640 1131 1704 l
1156 1641 1198 1705 85

41 1750 180 1826 μέμνηται
200 1749 260 1812 καὶ
279 1749 395 1813 τούτου
414 1748 591 1830 Πίνδαρος
615 1746 807 1812 antecedens
826 1747 944 1811 lemma
958 1747 1091 1811 Pindari
1109 1747 1198 1811 testi-

98 1944 122 2010 1)
140 1943 273 1997 Duebner
286 1960 314 2011 p.
328 1941 393 1996 XIV
407 1957 518 1997 versum
533 1941 645 2011 (comici
659 1940 688 1994 ni
701 1941 796 2008 fallor)
806 1940 848 1994 ita
862 1941 986 1994 refinxit:
1002 1943 1018 1994 ὁ
1034 1941 1198 2010 Κερκυραία

40 2049 60 2094 μ.
73 2032 116 2094 ἅμ’
131 2032 282 2098 ἀλοητὸν
296 2033 484 2098 ἠργολάβηεεν
505 2030 583 2084 ‘dum
603 2028 757 2098 Corcyraeo
776 2030 889 2100 flagello
908 2031 1063 2098 percutitur
1076 2029 1200 2099 palpitat

39 2121 61 2171 et
79 2120 199 2189 trepidat
219 2118 351 2190 pedibus,
378 2118 532 2174 triturandi
558 2135 672 2188 operam
695 2118 811 2172 locavit'
834 2150 864 2158 -
886 2119 995 2173 acutius
1016 2119 1086 2173 illud
1111 2136 1196 2189 quam

40 2208 117 2262 verius
135 2211 189 2279 [nt
213 2209 299 2263 etiam
319 2207 459 2265 Schoellio
478 2209 590 2263 videtur
607 2227 634 2276 p.
654 2207 725 2277 51⁸}

97 2302 122 2367 3)
139 2298 358 2369 Aristophanem
377 2298 507 2353 sollemni
526 2314 617 2353 errore
636 2298 723 2352 habet
743 2297 832 2352 schol.
848 2297 933 2354 Arist.
953 2315 996 2354 av.
1017 2303 1086 2353 1463
1105 2300 1200 2367 (quem

42 2389 239 2453 grammaticum
263 2387 501 2457 interpretabatur
526 2387 633 2442 Nauck.
659 2386 800 2457 Aristoph.
820 2389 853 2442 fr.
872 2406 899 2457 p.
920 2390 995 2456 239),
1020 2405 1084 2442 cum
1102 2404 1198 2456 paroe-

44 2474 187 2546 nicgrapbi
218 2492 313 2531 verum
337 2475 499 2533 Aristotelis
526 2493 629 2531 nomen
656 2475 830 2532 retinuerint.
869 2476 909 2534 ef.
935 2477 967 2533 V.
986 2477 1059 2531 Rose
1083 2476 1159 2531 Arist
1178 2479 1198 2531 t.

44 2564 205 2635 pseudepigr.
221 2584 246 2635 p.
262 2570 324 2632 478,
344 2564 421 2619 cuius
441 2566 580 2621 sententia
593 2566 680 2621 Athoi
694 2566 734 2621 Ill
750 2572 783 2619 14
798 2566 960 2623 testimonio
979 2584 1052 2621 nunc
1071 2584 1198 2636 compro-

43 2650 122 2719 batur3
145 2654 218 2709 adde
238 2654 408 2709 Slothouber
426 2654 444 2708 l.
465 2672 485 2708 s.
506 2673 526 2709 s.
545 2673 572 2724 p.
593 2660 635 2709 55.
673 2655 803 2710 Ceterum
826 2673 897 2724 quae
916 2656 950 2709 de
969 2656 1130 2724 Corcyraeis
1149 2657 1197 2710 fla-

44 2740 110 2806 gellis
126 2745 243 2804 narrant
260 2742 507 2813 paroemiographi
526 2743 594 2799 setis
618 2744 690 2798 mira
712 2744 789 2797 baud
809 2745 866 2798 scio
890 2761 926 2797 an
946 2748 1050 2798 temere
1068 2744 1200 2799 finxerint

45 2831 284 2897 αὐταιχεδιάζοντε(
306 2831 378 2886 sicut
397 2831 500 2886 similia
518 2831 652 2902 plurima,
673 2851 736 2888 cum
760 2834 828 2901 quid
846 2834 900 2888 sibi
919 2834 1024 2888 vellent
1042 2834 1127 2888 verba
1146 2834 1198 2888 illa

45 2915 144 2975 locasse
165 2925 200 2976 ut
223 2924 354 2989 κεραμικὴ
379 2923 472 2987 μάετιξ
497 2921 572 2991 (Hes.
592 2947 626 2967 =
646 2939 715 2977 com.
741 2939 822 2977 anon.
846 2924 884 2976 IV
904 2943 930 2993 p.
950 2927 1013 2992 338)
1037 2925 1198 2993 pertrans·

44 3004 158 3064 lationem
177 3010 255 3064 dicta
272 3010 348 3064 haud
366 3011 443 3065 recte
460 3010 663 3081 intellegerent.
1255 3074 1257 3077 ¹

101 3100 125 3167 3)
144 3098 183 3155 Of.
200 3100 284 3154 ctiam
299 3098 325 3153 H
340 3106 383 3167 46,
397 3100 446 3155 ubi
459 3099 567 3155 incerta
580 3118 624 3155 res
639 3104 689 3168 est,
704 3102 789 3171 atque
805 3107 847 3168 39,
862 3101 910 3154 ubi
925 3102 1023 3155 eadem
1038 3103 1083 3154 καὶ
1097 3100 1198 3155 vocula

48 3184 143 3241 alteram
170 3188 386 3258 explicationem
412 3188 547 3243 excidisse
575 3190 681 3259 arguit:
701 3188 736 3244 cf.
756 3193 853 3244 nostra
872 3207 956 3258 supra
975 3210 1002 3259 p.
1017 3196 1059 3245 53.
1092 3188 1198 3243 Eodem

48 3269 176 3355 indicio-in
196 3276 372 3331 conlectione
391 3276 416 3329 V
435 3296 462 3346 p.
483 3283 533 3331 381
554 3277 637 3331 infra·
645 3280 764 3333 utemur.
802 3278 932 3333 Ceterum
952 3279 1076 3349 argutias
1095 3278 1118 3332 si
1136 3278 1199 3345 quis

48 3365 146 3422 vendere
160 3367 237 3437 velit,
256 3366 286 3421 in
299 3366 369 3436 ipsis
384 3367 527 3421 codicibus
541 3369 654 3436 praeter
668 3384 797 3422 numeros
816 3368 925 3422 Athoos
939 3368 1199 3435 Laurentianosque

50 3454 172 3527 archetypi
201 3474 329 3511 numeros
356 3456 464 3525 priscae
498 3454 692 3526 amplitudinis
718 3448 825 3512 indices
853 3474 1053 3525 nonnunquam
1085 3456 1199 3510 relictos

50 3556 94 3596 esse
115 3546 237 3617 conligat
255 3564 289 3601 ex
309 3546 387 3601 miris
407 3546 573 3615 quibusdam
594 3546 766 3615 corruptelis.
807 3546 893 3599 Velut
909 3545 938 3599 iu
952 3564 985 3601 eo
1006 3547 1081 3615 quod
1095 3547 1124 3599 M
1139 3546 1150 3599 Ι
1166 3552 1198 3599 73

50 3625 79 3692 ον’
96 3636 120 3687 et
137 3634 194 3688 BV
213 3653 234 3690 s.
252 3653 277 3688 ν.
314 3636 481 3689 Πλακιάδαι
495 3635 632 3704 praebent
646 3652 696 3703 pro
711 3636 844 3689 Λακιάδαι
861 3640 882 3689 ff
896 3634 1020 3690 litteram
1034 3654 1084 3705 pro
1098 3634 1200 3688 LXXX

50 3730 141 3776 numero
160 3722 287 3793 accipere
306 3723 407 3791 possis,
432 3725 464 3775 ut
482 3724 588 3791 septem
609 3723 764 3778 exciderint
781 3725 928 3792 lemmata3
952 3726 982 3778 in
1000 3726 1130 3793 corrupto
1148 3725 1198 3779 illo

51 3805 232 3881 Μιχθοφορών
250 3811 289 3865 ΙΗ
308 3818 342 3865 34
360 3808 400 3865 λα’
416 3810 444 3863 Μ
465 3814 509 3879 (29
524 3812 558 3879 L)
577 3814 596 3880 μ
615 3812 739 3867 litteram
758 3830 808 3882 pro
826 3813 889 3881 XL,
914 3816 946 3867 ut
965 3831 1013 3868 sex
1032 3813 1199 3882 exciderint,

51 3890 101 3949 item
125 3900 151 3954 in
180 3902 252 3955 mira
280 3900 424 3955 Bodleieni
453 3905 504 3955 438
535 3902 668 3955 lectione
683 3904 791 3957 Ζεύδοα
819 3905 880 3971 (pro
909 3905 1003 3971 εὕδου)
1032 3901 1070 3956 lII
1098 3907 1130 3955 33
1158 3898 1197 3956 νε’
1308 3943 1309 3946 ,

51 3978 104 4055 ll}
127 4006 175 4058 pro
204 3985 245 4056 Z',
273 3989 341 4043 item
365 3988 404 4042 Ill
429 3994 479 4043 162
508 3987 583 4058 ρξβ’
609 3989 637 4042 Μ
660 3990 690 4043 iu
718 3991 748 4044 εἴ
770 4007 811 4044 τις
833 3996 851 4044 ἒ
871 4008 921 4060 pro
949 3990 1037 4060 poe',
1066 3992 1098 4045 ut
1126 3992 1198 4045 exci-

53 4068 122 4129 derint
138 4077 294 4133 duodecim.
337 4078 393 4133 Sed
412 4079 567 4133 Πλακιάδαι
591 4084 683 4133 ortum
710 4078 822 4135 videtur
846 4097 880 4134 ex
901 4082 924 4134 ὦ
943 4083 1075 4136 Λακιάδαι
1100 4083 1146 4149 (ὤ
1170 4082 1199 4134 et

54 4162 237 4221 oriturarum
264 4167 482 4223 minuscularum
510 4186 579 4237 quas
607 4168 705 4224 dicunt
736 4168 944 4240 similitudine);
977 4173 1075 4227 Ζεύδου
1103 4172 1197 4225 autem

54 4245 219 4311 diasceuastae
252 4256 406 4312 Bodleiano
443 4257 623 4312 tribuendum
656 4274 715 4312 esse
749 4258 830 4313 credo
862 4260 1017 4329 proverbiis
1050 4277 1122 4327 quae
1156 4277 1200 4314 se-

54 4345 148 4483 ptputur
172 4361 190 4398 a
210 4349 230 4418 ξ
252 4344 450 4416 incipientibus
467 4346 497 4399 in
516 4363 637 4401 errorem
659 4347 784 4402 inducto.
817 4347 876 4402 Nec
895 4362 966 4416 quae
984 4348 1093 4401 restant
1109 4348 1198 4403 ullam

69 4435 211 4490 aentvim.
