2925 5050
511 311 754 376 -141—

46 470 114 560 (τὰε
132 472 177 559 P)
201 473 341 553 θάμνου(
366 469 564 553 ἀποβάλλειν
587 469 677 535 αὐτά.
715 468 793 534 όθεν
818 470 870 533 ἐπὶ
894 472 960 533 τῶν
984 468 1136 548 ἐργώδει(
1159 467 1216 531 τὰ(

45 581 205 661 διατριβὰ(
229 582 433 659 ποιουμένων
456 578 597 659 εἰρῆεθαι
620 580 679 657 τὴν
702 576 882 655 παροιμίαν.
890 574 915 659 ¹)

131 686 182 753 Of.
201 687 228 751 P
250 686 281 753 V
300 687 343 752 52
367 685 394 749 Β
419 686 481 750 721
503 715 545 739 =
565 683 652 749 Suid.
671 706 696 750 e.
715 706 744 749 v.
784 682 847 747 Est
865 682 1020 747 Demonis
1044 682 1081 747 fr.
1103 682 1144 747 13
1163 680 1216 763 M„

45 819 72 879 p.
91 796 136 861 23
157 794 303 860 Siebelis.
340 792 555 857 Referendum
576 792 702 856 videtur
726 791 766 856 ad
791 791 966 873 oraculum,
989 795 1026 854 ut
1050 790 1091 854 23
1111 789 1154 853 24
1173 786 1216 853 25
1330 865 1333 871 ,

46 901 96 985 (cf.
109 902 271 987 Hendese,
290 900 435 966 ‘oracula
449 898 586 965 Graeca'
604 899 640 963 in
659 898 786 963 dissert.
804 898 883 983 phil.
906 896 981 963 Hel.
1005 897 1020 961 I
1039 920 1070 982 p.
1084 895 1105 960 5
1121 894 1217 979 sqq.):

46 1007 128 1075 Piae
157 1012 230 1090 περὶ
258 1014 317 1073 τοῦ
346 1011 385 1089 μὴ
411 1010 491 1087 χράν
519 1006 658 1087 ἔμμετρα
685 1030 717 1092 p.
744 1004 862 1071 4031)
891 1004 1041 1087 (Mueller
1068 1003 1217 1088 Aeginet.

47 1141 73 1200 p.
83 1115 152 1205 66).
177 1116 368 1182 Doctrinam
382 1115 421 1178 de
436 1114 523 1179 cervi
536 1117 653 1179 natura
666 1114 871 1200 propositam
886 1136 925 1178 ex
935 1111 1126 1177 Aristotelis
1140 1109 1216 1173 hist.

49 1224 143 1290 anim.
162 1223 210 1287 IX
229 1225 260 1307 6,
279 1226 296 1289 1
318 1220 390 1309 (34)
415 1222 573 1306 repetisse
592 1221 720 1285 videtur
738 1219 852 1306 Demo,
874 1221 931 1285 ubi
948 1222 1112 1285 narratur:
1136 1216 1217 1281 ἀπο-

52 1332 199 1412 βάλλου(ι
223 1328 338 1416 (cervi)
362 1331 398 1393 δὲ
426 1328 540 1394 καὶτὰ
563 1330 680 1408 κέρατα
703 1330 740 1393 ἐν
763 1328 875 1394 τόποι(
903 1331 1057 1408 χαλεποῖο
1076 1326 1126 1390 καὶ
1146 1329 1216 1388 δυ(-

49 1442 234 1518 εξενρέτοιε,
264 1436 341 1505 ὅθεν
368 1438 389 1515 ἡ
417 1433 571 1514 παροιμία
599 1438 747 1513 γέγονεν·
776 1435 815 1501 οὗ
843 1436 875 1500 αἱ
898 1436 1016 1516 ἔλαφοι
1039 1434 1079 1498 τὰ
1101 1435 1218 1513 κέρατα

47 1544 294 1627 ἀποβάλλουεινι
318 1544 391 1608 vide
416 1542 550 1606 Auberl.
570 1545 603 1605 el
620 1541 788 1608 Wimmer.
807 1543 840 1607 Π
858 1567 889 1628 p.
907 1543 981 1608 220.

131 1652 166 1717 M
184 1652 217 1718 11
232 1652 276 1717 23
291 1651 357 1716 Μία
373 1650 534 1715 Μύκονοε·
556 1650 678 1729 Νηλεὺ(
697 1653 870 1729 προεέταξε
890 1654 958 1714 τοϊ(
973 1648 1090 1712 ἑαυτοῦ
1110 1649 1216 1714 παι(ὶν

48 1757 192 1840 Ἡγήτορι
208 1759 260 1824 καὶ
269 1758 437 1835 Ἱπποκλεῑ,
448 1756 504 1820 τὰ(
518 1758 633 1836 νήεου(
647 1759 919 1877 καταπρέψαεθαι
930 1754 1091 1843 (-ε(θαι2).
1108 1776 1215 1835 χειρω-

50 1869 182 1946 (αμένου
203 1868 237 1930 δὲ
257 1865 383 1930 πολλὰ(
401 1867 460 1927 τοῦ
478 1863 661 1943 Ἡγήτοροε,
680 1864 886 1930 Ἱπποκλέαν(
900 1866 935 1929 δὲ
951 1862 1024 1943 μίαν
1037 1866 1096 1943 τὴν
1111 1864 1217 1929 Μύκο-

50 1993 111 2052 νον,
122 1975 323 2054 βουλομένου
333 1973 368 2035 δὲ
379 1948 491 2034 πα(ι’ῑιν
501 1969 587 2049 ἔχειν
597 1972 635 2034 τὸ
646 1973 750 2052 μέρο(,
760 1971 1120 2052 πέμψαντεεήρώτηεαν
1128 1978 1217 2056 κοινῇ

670 2068 676 2075 0

49 2080 101 2146 τόν
116 2083 202 2160 θεὸν,
219 2081 303 2144 τίνε(
320 2078 386 2143 είεν
399 2080 458 2141 τοῦ
469 2075 645 2157 Ἡγήτορο(
659 2084 769 2171 νῆεοι·Ι
782 2079 801 2143 6
815 2082 851 2145 δέ
869 2079 951 2145 εἶπε·
967 2077 1032 2157 εμία
1047 2077 1217 2144 Μύκονο(.’
1283 2136 1286 2143 ,

134 2185 185 2252 Of.
207 2187 234 2251 P
257 2184 288 2251 V
314 2187 364 2251 17.
411 2183 572 2247 Adhibuit
595 2182 693 2251 (ilem.
713 2186 806 2251 Alex.
826 2184 906 2271 (non
929 2185 1089 2251 Zenobius
1114 2183 1218 2271 solus)

52 2291 164 2359 seom.
192 2292 208 2358 Ι
236 2294 296 2378 29,
328 2292 391 2358 179
415 2342 423 2357 .
447 2342 454 2357 .
478 2340 486 2354 .
509 2290 549 2355 οὐ
577 2292 638 2370 γὰρ
663 2296 701 2373 δή
726 2293 780 2372 μία
804 2294 954 2358 Μύκονο(
976 2294 997 2371 ἡ
1020 2296 1105 2357 πᾶεα
1137 2294 1216 2372 πρὸ(

52 2398 156 2478 νόη(ιν
184 2403 307 2481 γραφή,
335 2401 355 2484 ᾗ
383 2419 479 2479 φαειν
507 2398 539 2463 οἱ
568 2399 860 2480 παροιμιαζόμενοι.
906 2399 1018 2464 Simile
1046 2403 1096 2463 est
1119 2398 1218 2466 πάνθ’

51 2505 108 2571 ὑπὸ
137 2507 209 2588 μία(
234 2508 382 2574 Μύκονο(
412 2506 481 2572 cod.
504 2503 535 2570 Κ
563 2500 636 2592 app.
665 2530 713 2591 pr.
745 2505 793 2573 IV
820 2508 864 2574 52
889 2539 930 2562 =
955 2506 1050 2593 όλιος.
1075 2504 1170 2594 prr.
1194 2506 1219 2572 L

50 2612 93 2704 ΠΙ
113 2616 130 2679 1
151 2615 217 2679 vol.
236 2614 269 2679 ΙΙ
286 2638 317 2698 p.
332 2614 375 2680 85
390 2611 460 2698 (ubi
478 2613 551 2678 vide
565 2612 739 2698 Ιιααίοοία),
758 2615 813 2680 sed
832 2615 957 2679 ratione
977 2615 1073 2700 longe
1089 2615 1218 2681 diversa

52 2722 233 2804 explicatur.
284 2718 346 2802 [cf.
369 2720 516 2790 Ribbeck
539 2719 670 2785 ‘Kolax'
692 2743 722 2805 p.
748 2722 791 2801 8.]
1004 2741 1006 2748 ’

132 2827 168 2891 Μ
191 2828 225 2893 ΙΙ
248 2828 292 2892 24
319 2828 433 2894 Πάντα
457 2827 547 2893 λίθον
565 2828 655 2893 κίνει·
679 2828 899 2910 Ἱπποκράτη(,
923 2829 967 2894 ὥ(
991 2851 1095 2911 φαειν,
1119 2829 1138 2894 6
1158 2832 1218 2911 Θη-

54 2939 149 3017 βαῖο(,
181 2937 242 3001 τὸν
269 2935 386 3020 τόπον,
418 2934 457 3001 οὗ
489 2935 644 3014 ἐ(κήνιιι(ε
674 2936 858 3015 Μαρδόνιο(
886 2936 905 3000 6
930 2936 1091 3016 (ατράπη(
1122 2959 1217 3008 κατα-

55 3043 157 3122 λαβὼν
181 3039 235 3127 (ex
256 3041 297 3127 113
327 3042 505 3123 άποβαλὼν
527 3078 571 3088 -
596 3042 735 3107 debebat
764 3045 878 3108 sellem
902 3043 1078 3125 ἀπολαβὼν
1102 3083 1143 3091 -
1168 3043 1217 3131 Μ)

55 3148 149 3228 ἐζήτει
177 3148 349 3229 θηεαυρόν·
382 3151 513 3227 ἐλέγετο
541 3148 602 3227 γὰρ
631 3151 734 3214 πολὺ(
758 3135 872 3229 γρυαλ(
900 3150 982 3217 εἶναι
1011 3151 1130 3217 αὐτόθι.
1173 3152 1218 3217 ὡ(

55 3255 84 3316 δὲ
98 3256 157 3335 οὐχ
173 3255 247 3335 εὗρε
266 3258 396 3338 πέμψα(
410 3256 559 3321 τὸνθεόν
578 3254 687 3334 ἠρώτα
705 3257 736 3320 τί
750 3262 876 3338 ποιῆται
891 3257 1028 3338 ὀφείλει·
1048 3258 1067 3322 6
1082 3261 1117 3322 δέ
1132 3257 1216 3325 είπε·

55 3355 165 3426 πάντα
184 3362 276 3429 λίθον
294 3362 392 3429 κίνει’.
420 3364 471 3428 καὶ
489 3362 554 3427 άπὸ
577 3368 633 3442 τῆ(
657 3364 806 3443 μαντεία(
825 3365 845 3442 ἡ
864 3365 1016 3444 παροιμία
1039 3365 1218 3445 ἐκράτηαν.
1304 3385 1322 3414 ··

134 3467 275 3534 Uberius
304 3471 330 3534 P
359 3471 389 3532 V
418 3471 474 3535 63:
506 3493 540 3536 π.
568 3474 595 3535 λ.
623 3493 650 3536 κ.
679 3471 869 3554 [παροιμία]·
915 3470 970 3536 ὅτε
1003 3471 1064 3550 γὰρ
1097 3472 1218 3552 Ξέρξη(
1290 3459 1292 3464 ’

56 3574 101 3638 ἐπὶ
118 3578 194 3641 τοὺ(
216 3577 380 3656 Ἕλληνα(
399 3575 654 3656 έπε(τρὰτεν(εν,
677 3579 821 3658 ήττηθεὶ(
844 3579 917 3657 περὶ
935 3578 1098 3657 (αλαμῑνα
1121 3580 1218 3645 αὐτὸ(

56 3681 106 3755 μὲν
133 3682 295 3767 ἀνέζευξε,
325 3683 511 3764 Μαρδόνιον
534 3686 569 3748 δὲ
597 3687 746 3750 κατέλιπε
770 3686 992 3764 πολεμή(οντα
1015 3691 1083 3750 τοῑ(
1105 3685 1218 3766 Ἕλλη-

56 3806 104 3852 (ιν.
147 3792 339 3870 ἡττηθέντα(
367 3794 403 3856 οὲ
431 3792 483 3855 καὶ
505 3791 623 3857 τούτου
651 3794 709 3872 τὴν
737 3793 774 3856 έν
796 3793 974 3858 Πλαταιαί(
1002 3790 1105 3872 μάχην
1129 3796 1218 3873 φήμη

56 3914 95 3959 τι(
116 3899 282 3977 κατέ(χεν,
311 3898 355 3963 ὡ(
383 3900 420 3964 έν
442 3903 489 3983 τῷ
512 3899 674 3983 περιβόλῳ
697 3903 753 3978 τῆ(
777 3903 890 3978 (κηνῆ(
914 3898 933 3962 6
957 3898 1140 3978 Μαρδόνιο(
1164 3907 1217 3978 θη-

57 4005 164 4083 (αυρὸν
196 4006 418 4070 καταλέλοιπε.
464 4005 638 4086 πριάμενο(
669 4005 729 4071 οὖν
757 4003 997 4092 Πολυκράτηεί)
1032 4005 1050 4070 6
1078 4007 1218 4086 Θηβαία(

123 4184 148 4249 1)
165 4180 349 4236 Lamenliani
363 4179 539 4238 diaeeeueela
550 4180 767 4251 explicationem
776 4180 867 4250 ipsum
879 4180 983 4236 lemme
997 4181 1122 4251 excipere
1136 4181 1218 4236 iussit

58 4271 145 4323 contra
162 4269 296 4325 Demonie
314 4286 431 4325 morem.

119 4359 145 4427 2)
163 4358 342 4428 Polycratem
359 4360 467 4416 habent
484 4359 571 4416 eliam
589 4360 671 4416 Phot.
690 4379 710 4414 e.
725 4379 751 4414 ν.
768 4362 813 4428 (²
833 4359 920 4428 Suid.)
939 4363 968 4414 el
987 4359 1063 4414 Suid.
1083 4377 1104 4413 ο.
1124 4362 1217 4417 πάντα

58 4446 139 4502 κάλων
157 4449 247 4506 (είεινι
268 4449 343 4510 unde
361 4452 491 4519 suspecta
507 4450 541 4505 fil
557 4450 643 4504 Δήλιοί
661 4450 755 4504 lectio.
