2925 5050
525 223 743 286 „61-

56 380 1226 466 cissimeetiamsententiastraditasmutaverunt,n0tulasadsperserunt‚

57 488 230 554 doctrinam
251 489 381 554 aliunde
395 491 532 573 petitam
549 491 743 557 adiecerunt.
776 490 986 574 Ingeniosam
1002 489 1226 554 diasceuastae

58 595 147 660 nthoi
172 596 393 661 coniecturam
417 597 562 662 invenies
585 596 619 660 Π
641 597 686 662 50
708 599 767 677 τὴν
789 597 945 675 Ἐλλάδα,
975 595 1030 660 ubi
1053 599 1141 660 recte
1164 596 1225 676 Τή-

58 705 147 766 νελλα
168 700 199 764 Β
224 704 289 768 874
312 725 384 768 cum
408 704 623 787 explicatione
647 703 846 776 adverbum
870 703 1106 787 consentiente3
1137 701 1223 766 idem

60 808 131 874 175
160 815 259 876 κινεῖς
287 811 345 875 τὸν
369 809 550 890 Ἀνάγυρον
576 814 695 876 temere
723 811 850 876 videtur
874 810 1040 876 deflexisse
1069 810 1227 874 veriorem

59 914 191 980 Parisini
215 914 249 999 H.
272 916 315 980 55
340 917 596 1000 explicationem.
638 916 723 982 Aliis
742 917 822 982 locis
847 917 1039 982 vetustiores
1063 920 1141 982 sunt
1163 917 1225 980 hae

61 1023 267 1106 corruptelae.
312 1021 535 1088 Librariorum
562 1023 779 1089 divinationes
808 1047 865 1089 seu
889 1023 1098 1088 ariolationes
1121 1023 1223 1087 habes

61 1127 89 1190 ll
106 1127 155 1192 ΠΙ
168 1131 198 1213 1,
218 1128 274 1193 ubi
289 1152 347 1213 pro
367 1129 626 1210 {evocaremus
645 1130 698 1216 (cf.
714 1132 795 1196 conl.
814 1129 844 1194 V
864 1153 893 1215 p.
908 1131 971 1194 377
992 1128 1026 1193 Μ
1040 1160 1082 1183 ==
1098 1128 1125 1192 B
1146 1130 1224 1213 107)

63 1235 89 1296 in
111 1234 144 1298 M
167 1240 202 1300 et
225 1235 251 1300 P
274 1237 414 1320 legimus
438 1237 531 1303 ἔθνος
554 1240 723 1317 Περςικὸν;
747 1237 782 1302 Μ
804 1237 854 1302 ΙΠ
879 1238 921 1302 13
944 1233 1002 1319 (=
1025 1234 1065 1320 P)
1089 1235 1146 1300 ubi
1168 1259 1228 1320 pro

60 1341 97 1405 είς
124 1346 192 1408 τῶν
221 1341 348 1408 Ἰδαίων
376 1345 555 1408 Δακτύλων
584 1348 643 1424 τὴν
671 1347 790 1425 μητέρα
820 1346 903 1410 Ρέαν
931 1341 1090 1429 ὑβρίςαςί)
1118 1342 1227 1428 lepida

60 1450 107 1512 illa
140 1449 295 1535 leguntur
325 1449 370 1515 εἷς
397 1455 463 1515 τῶν
492 1450 668 1517 Ἰουδαίων
697 1452 842 1516 δακτιίλω
859 1450 906 1535 (ί.
929 1473 955 1515 e.
980 1451 1126 1534 δακτύλῳ
1154 1471 1227 1514 con·
1315 1531 1319 1538 .

62 1558 154 1620 stanti
183 1557 304 1622 codicis
333 1557 577 1642 consuetudine,
609 1558 648 1624 cf.
672 1557 801 1623 Fresen.
828 1581 859 1641 p.
884 1559 927 1621 24
957 1557 1028 1621 adn.
1050 1556 1086 1640 4)
1116 1559 1174 1635 τὴν
1197 1579 1226 1636 μ.

62 1665 88 1726 Ρ.
104 1663 175 1749 ὑ,;ἔ)
200 1663 236 1728 M
258 1662 392 1728 111162
415 1665 565 1730 insanum
584 1665 783 1730 hoclemma
807 1664 905 1730 εἴτις
928 1665 1001 1743 περὶ
1024 1663 1121 1728 πόλιν
1144 1664 1225 1740 αἰγὶς

61 1772 177 1846 λέγεται
202 1770 260 1856 (-·-=
281 1770 308 1834 Β
328 1771 418 1857 377),
441 1771 527 1856 quod
551 1775 659 1837 ortum
678 1776 728 1836 est
747 1771 981 1856 conglutinatis
1001 1771 1174 1855 proverbio
1195 1774 1228 1834 et

62 1877 279 1960 explicatione,
313 1876 352 1941 cf.
379 1875 407 1940 B
440 1879 501 1942 177
531 1876 562 1940 V
589 1877 606 1940 I
631 1879 673 1942 72
706 1879 811 1956 Αίγίς
843 1879 930 1955 περὶ
966 1877 1094 1942 πόλιν·
1127 1877 1226 1954 αἰγὶς

62 1984 204 2060 λέγεται
233 1985 331 2048 τὸέκ
357 1988 423 2049 τῶν
448 1985 631 2065 ςτεμμάτων
660 1986 788 2050 δικτιίον
811 1981 922 2069 κτλ.3);
951 1982 985 2047 Μ
1009 1984 1087 2048 133
1109 1983 1225 2063 Ἓορτὴ

61 2089 194 2154 πολλὰς
218 2089 348 2168 ἔχουςα·
372 2092 424 2155 ἐπὶ
443 2095 509 2156 τῶν
532 2091 657 2155 πολλὰ
680 2089 916 2171 ἀνατιθεμένων
936 2091 1053 2169 φορτία
1072 2093 1091 2170 ἡ
1114 2112 1225 2170 παροι-

64 2197 108 2272 μία
122 2195 254 2276 είρηται·
275 2199 385 2277 ἐπειδὴ
408 2197 439 2262 oi
457 2199 537 2277 πρὸς
556 2199 613 2262 τὰς
632 2198 745 2276 ἑορτὰς
765 2198 967 2276 ἐπειγόμενοι
987 2198 1079 2275 ςκεύη
1098 2198 1226 2261 πολλὰ

63 2305 105 2365 καὶ
116 2303 222 2382 ἱμάτια
236 2307 287 2369 καί
307 2305 377 2384 ἱερὰ
391 2307 442 2370 καὶ
461 2304 577 2383 ἄρτους
593 2304 666 2382 ἅμα
682 2307 891 2384 ἐπιφέρονται
907 2306 970 2369 ἵνα
988 2307 1032 2384 μὴ
1052 2310 1117 2384 τῆς
1139 2305 1225 2383 ἑορ-

66 2415 121 2488 τῆς
142 2412 349 2491 ὑςτερῶςιν
366 2441 408 2465 ==
423 2411 451 2476 B
467 2412 532 2476 362
554 2412 648 2490 ἑορτὴ
668 2413 794 2476 πολλὰ
811 2411 941 2491 ἔχουςα·
965 2413 1017 2476 ἐπὶ
1038 2449 1073 2456 -
1094 2411 1225 2489 φορτία·

127 2661 149 2726 1)
175 2656 281 2713 Dubito
304 2659 444 2713 habeatne
468 2660 490 2713 Β
514 2664 565 2714 675
591 2658 726 2714 veriorem
752 2659 915 2725 lectionem3
944 2659 967 2712 si
990 2659 1089 2726 babet,
1115 2660 1229 2713 exalia

69 2746 231 2804 coniectione
245 2749 292 2817 (V)
308 2748 435 2817 repetiit:
454 2748 484 2802 id
498 2748 573 2817 quod
588 2749 768 2803 statuendum
786 2748 943 2817 ubicunque
962 2766 997 2802 ex
1010 2746 1152 2801 codicibus
1167 2746 1227 2800 vol·

65 2835 127 2902 gatis
145 2837 194 2891 alii
214 2854 276 2891 cum
295 2837 352 2889 ML
371 2839 539 2907 corruptam,
560 2838 609 2892 alii
628 2838 776 2908 integram⁴
787 2838 953 2907 scripturam
971 2836 1111 2892 exhibent.

129 2927 155 2992 2)
175 2926 284 2995 Nempe
303 2924 357 2980 soli
375 2926 476 2979 Persae
494 2926 656 2995 Byzantinis
679 2925 854 2981 infestissimi
876 2928 906 2980 et
923 2924 1018 2980 Iudaei
1043 2928 1224 2993 (quamquam

67 3010 86 3063 ei
107 3013 185 3067 etiam
212 3014 363 3069 Eusebium
386 3030 480 3084 praep.
500 3032 542 3069 ev.
562 3016 587 3068 X
611 3022 626 3070 6
651 3034 678 3083 p.
703 3020 756 3070 475
785 3016 811 3068 οί
833 3020 893 3069 τῶν
918 3015 1062 3069 Ἰουδαίων
1085 3015 1226 3068 Δάκτυλοι

66 3106 158 3166 τρωτοι
172 3104 321 3173 ipsumque
331 3104 460 3157 Tacitum
474 3104 546 3158 Hist.
563 3104 587 3157 V
602 3110 618 3157 4
633 3105 764 3159 videntur
779 3105 913 3158 delusisse
929 3126 935 3158 ι
950 3102 1071 3157 Lobeclx.
1087 3103 1225 3172 Aglaoph.

68 3196 200 3261 p.1156⁸)
221 3192 404 3247 diasceuastis
423 3194 482 3247 noti
501 3196 587 3247 erant.
625 3194 669 3247 lta
687 3195 835 3261 (υβαρῖται
858 3194 887 3246 Μ.
905 3193 983 3246 1136
1011 3190 1091 3245 PIlI
1110 3197 1143 3245 92
1164 3193 1227 3261 β(ιι)

69 3277 148 3335 littera
165 3284 199 3335 ut
217 3280 326 3335 adsolet
344 3298 394 3350 pro
414 3300 432 3348 μ
451 3283 549 3336 habita
567 3282 597 3335 in
615 3281 637 3333 Β
656 3282 725 3337 facti
744 3286 809 3336 sunt
828 3283 977 3348 (αμανῖται
1002 3281 1045 3350 (cl.
1066 3280 1088 3333 B
1106 3286 1140 3335 56
1160 3284 1227 3349 κρὴς

69 3384 109 3433 pro
121 3372 202 3439 ἥρως,
222 3375 275 3423 245
291 3371 397 3425 Βάκυος
410 3386 461 3439 pro
477 3372 603 3439 Βάβυος),
620 3370 649 3424 ίιι
664 3370 689 3424 Α
703 3371 774 3425 adeo
790 3372 983 3439 (αμαρῑται.
1011 3368 1102 3423 Simili
1117 3370 1226 3423 ratione

71 3455 137 3510 Plll
154 3466 187 3513 94
207 3463 306 3514 εὔνους
325 3461 340 3513 ὁ
359 3461 484 3527 ςφάκτης
503 3502 509 3513 .
525 3502 531 3514 .
548 3502 553 3514 .
573 3461 628 3513 ἀπὸ
648 3461 809 3525 Ἀντιγόνου
828 3466 879 3513 τοῦ
899 3461 1040 3527 βαςιλέως,
1059 3462 1089 3513 ὃς
1108 3460 1227 3526 (εμέλην

70 3549 188 3609 φονεθςας
207 3551 279 3616 κτλ,
298 3548 347 3602 ubi
366 3549 542 3603 scribendum
561 3550 591 3602 ὃς
610 3550 760 3616 (ελήνην
779 3550 928 3617 φονεύςας,
947 3566 999 3619 pro
1019 3548 1132 3616 Selene,
1151 3548 1227 3617 qnod

71 3647 208 3703 cognomen
231 3640 275 3691 est
294 3635 459 3706 Cleopatrae
483 3638 518 3693 ab
539 3638 680 3706 Antigono
700 3638 878 3706 interfectae,
904 3637 1016 3692 Semela
1034 3638 1227 3691 diasceuastae

71 3726 218 3795 mythologo
241 3725 334 3780 notior
362 3731 405 3779 est
430 3727 605 3781 substituta:
620 3727 669 3795 qui
692 3744 769 3781 error
792 3726 957 3779 manifestus
985 3726 1107 3781 editores
1136 3726 1226 3779 adhuc

70 3809 136 3880 fugit.
163 3815 292 3870 Ceterum
308 3816 395 3869 etiam
409 3814 505 3870 Cicero
520 3832 553 3869 eo
568 3814 699 3885 deceptus
718 3816 837 3881 videtur,
857 3814 880 3868 si
895 3813 1009 3883 quidem
1023 3815 1058 3869 de
1072 3817 1130 3872 nat.
1149 3815 1225 3869 deor.

34 3934 35 3941 ι
72 3897 102 3951 lll
117 3908 146 3956 23
166 3904 261 3973 quarti
279 3902 395 3973 Dionysi
414 3906 531 3957 matram
556 3904 624 3958 facit
643 3904 751 3958 Lunam
770 3906 926 3973 ((ελήνην),
950 3921 1014 3958 cum
1037 3904 1067 3958 in
1090 3902 1226 3972 excerptis

73 3988 205 4046 simillimis
224 3993 370 4063 Ampelius
389 3995 418 4047 et
435 3992 552 4047 ioannes
565 3992 657 4062 Lydus
677 3993 776 4049 melius
795 3994 951 4063 praebeant
965 3994 1084 4061 (εμέλην
1098 4016 1105 4047 :
1121 4009 1176 4061 quo
1191 3992 1225 4045 de

72 4077 145 4135 ninas
163 4084 238 4137 recte
258 4082 464 4138 Schoemannus
483 4083 519 4136 ad
537 4082 638 4139 locum.

129 4174 152 4239 3)
172 4169 338 4226 Gaisfordus
356 4170 387 4225 in
401 4171 544 4225 Addendis
563 4190 590 4241 p.
610 4177 662 4225 430
682 4171 739 4225 alia
756 4170 864 4225 ratione
883 4188 943 4225 rem
962 4169 1092 4240 expedire
1111 4173 1226 4225 conatus

34 4312 35 4325 p
74 4258 116 4323 at,
132 4259 199 4324 αίγὶς
216 4260 325 4324 λέγεται
346 4259 557 4316 ‘correctionem
575 4277 679 4329 pravae
697 4257 828 4314 lectionis
847 4260 872 4313 εί
889 4276 931 4313 τις
950 4246 1114 4328 exprimere’
1136 4260 1226 4329 suspi-

34 4332 35 4425 ζ
76 4348 137 4401 catus
157 4350 205 4420 [cf.
227 4348 347 4403 Schoell.
366 4368 393 4419 p.
413 4349 468 4420 54].
506 4348 560 4402 Sed
579 4349 707 4418 praestat
725 4350 800 4403 haud
818 4350 903 4403 dubie
919 4350 1015 4403 nostra
1033 4348 1201 4405 coniectura
