2925 5050
506 344 744 409 ..129-

130 505 291 570 Zenobiae
320 504 457 588 calpetus
484 505 532 568 ita
559 505 717 569 conflatus
746 508 809 587 est,
841 508 878 567 ut
907 498 1080 587 proverbia
1107 502 1206 567 Zeno·

43 612 136 677 biana
156 619 189 676 in
214 613 357 698 singulas
376 612 505 676 litteras
528 612 739 696 neglegenter
762 611 994 694 digererentur,
1016 608 1208 674 Plutarchea

46 719 99 805 (=
114 719 194 783 conl.
212 717 274 793 IV)
291 718 390 782 simili
405 717 517 783 ordine
532 718 743 801 edicerentur,
760 722 896 802 utraque
916 739 988 782 curn
1008 716 1207 782 conlectiona

46 825 74 888 V
92 824 293 909 amplissima
311 825 582 909 coniungerentur
601 828 699 908 atque
717 829 886 908 praeterea
905 825 965 889 snb
985 824 1123 911 singulis
1141 824 1209 889 fere

45 932 157 997 litteris
181 932 424 1017 proverbiorum
448 931 576 999 ordines
600 954 617 996 e
640 932 743 996 lexico
772 930 955 1016 deprompti
983 932 1208 996 insererentur.

47 1036 120 1102 Tres
134 1040 202 1102 eius
222 1042 299 1103 sunt
316 1039 521 1103 recensiones
539 1039 689 1122 plurimis
709 1038 802 1103 libris
822 1042 1033 1124 propagatae:
1058 1039 1210 1104 Parasino

49 1146 172 1211 Zenobii
189 1146 321 1211 nomine
338 1146 486 1231 insignis,
505 1145 684 1210 Bodleiano
701 1167 871 1229 anonyma,
893 1142 1107 1229 Diopene'anea
1125 1145 1209 1210 falso

48 1254 168 1317 nomine
191 1252 359 1336 inscripta.
405 1252 479 1317 Una
508 1273 653 1337 quaeque
681 1252 789 1316 varios
812 1273 905 1317 casus
928 1274 1083 1338 perpesse
1106 1257 1155 1317 est
1178 1256 1212 1317 et

50 1361 171 1444 propria
201 1360 264 1424 sibi
291 1359 392 1424 habet
419 1360 501 1424 vitia
528 1360 738 1443 virtutesque.
788 1357 938 1423 Parisino
970 1360 1211 1425 enarrationum

51 1469 187 1533 ubertate
211 1466 355 1548 excellit,
382 1464 560 1530 Bodleiana
583 1466 772 1531 lemmatum
801 1466 913 1530 ordine
941 1468 1111 1553 copiaque,
1134 1464 1212 1531 Dio-

52 1573 197 1664 genianea
214 1610 251 1619 -
269 1572 435 1656 ceteroqui
449 1573 693 1657 corruptissima
713 1576 810 1657 atque
829 1594 867 1635 ex
888 1571 953 1636 alio
968 1572 1084 1659 itqrum
1100 1574 1213 1657 lexico,

52 1680 179 1746 fortasse
198 1679 403 1764 Diogeniani,
426 1680 608 1745 adulterata
627 1717 668 1726 —
688 1680 898 1745 conlectionis
919 1678 949 1743 V
968 1681 1213 1765 proverbiorum

54 1793 254 1872 cognatorum
278 1786 432 1870 gregibus
456 1788 603 1851 servatis.

133 1893 255 1979 Corpus
279 1897 387 1959 autem
415 1893 496 1958 illud
527 1893 666 1978 quinque
690 1894 925 1958 conlectionum
948 1894 1054 1959 forma
1076 1894 1214 1978 pristina

56 2002 211 2085 perpaucis
249 2000 484 2084 exemplaribus
519 2038 562 2046 —
594 2000 696 2065 Atboo
732 2002 946 2065 Laurentiano
983 2002 1131 2067 Parisino
1164 2002 1186 2083 (.
1194 2000 1214 2083 )

58 2108 173 2173 llrasmr'
192 2146 233 2154 —
253 2108 287 2171 in
309 2106 483 2192 Byzantini
511 2108 676 2173 cuiusdam
701 2108 906 2193 grammatici
930 2108 1090 2193 excerptis
1113 2130 1214 2193 usque

60 2216 92 2279 ad
108 2220 249 2281 nostram
269 2219 409 2280 aetatem
428 2216 558 2282 mansit.
604 2215 726 2280 Verum
748 2216 877 2301 singula
900 2216 933 2279 in
951 2214 1091 2279 formam
1110 2216 1215 2281 multo

61 2323 144 2387 etiam
167 2322 349 2406 breviorem
368 2322 499 2387 redacta
517 2322 671 2407 leguntur
693 2326 727 2386 et
750 2322 915 2386 exilioreni
939 2343 1036 2406 quam
1056 2323 1089 2386 in
1108 2344 1215 2387 reeen-

61 2428 135 2494 sione
157 2431 302 2516 volgata,
324 2432 421 2513 atque
445 2430 668 2494 desiderantur
691 2430 822 2494 omnino
847 2428 981 2493 alterius
1005 2429 1215 2494 conlectionis

62 2536 182 2624 initium,
205 2537 337 2622 quintae
359 2534 434 2600 inde
458 2537 499 2602 ab
522 2543 564 2604 aa
592 2559 667 2622 pars
696 2537 793 2622 longe
822 2537 939 2620 maior,
966 2559 1024 2620 pro
1054 2560 1118 2621 qua
1141 2538 1216 2601 lem-

64 2650 138 2709 mata
159 2667 196 2709 ex
222 2644 354 2709 scholiis
379 2647 412 2710 et
435 2643 538 2708 lexico
562 2644 702 2729 repetita
724 2648 844 2709 temere
869 2647 945 2706 sunt
968 2644 1144 2728 supposita.

137 2751 226 2816 Talis
255 2750 374 2816 codicis
397 2750 615 2816 Laurentiano
640 2751 798 2816 simillimi
821 2751 929 2836 copias
952 2753 1088 2814 exeunte
1111 2751 1217 2815 medio

66 2878 129 2923 aevo
146 2861 195 2925 vir
214 2859 327 2925 doctus
345 2859 477 2945 ignotus
497 2881 570 2923 oum
585 2859 765 2943 proverbiis
781 2858 896 2924 Suidae
911 2859 1031 2942 partim
1051 2881 1088 2924 ex
1103 2859 1217 2924 eodem

66 2962 139 3029 fonte
164 2966 290 3030 haustis
321 2968 417 3051 atque
445 2987 517 3030 eum
544 2965 701 3030 Parisinis
728 2967 879 3052 volgatae
905 2966 1101 3030 recensionis
1129 2966 1217 3030 aliis-

68 3091 115 3152 que
140 3073 275 3139 noviciis
305 3071 474 3137 coniunxit
504 3076 537 3135 ct
567 3095 640 3137 oum
671 3094 750 3137 cura
779 3073 826 3137 ita
855 3073 1027 3157 disposuit,
1060 3077 1096 3136 ut
1123 3073 1217 3137 binae

68 3177 167 3263 ubique
198 3180 322 3264 priores
354 3179 482 3243 litterae
509 3180 759 3263 respicerentur:
793 3180 877 3244 unde
910 3180 1023 3244 eodnes
1045 3178 1071 3243 S
1096 3184 1125 3242 et
1145 3179 1218 3244 Ala.

72 3285 188 3363 profecti
212 3290 302 3373 sunt,
329 3286 363 3351 in
393 3309 474 3372 quos
498 3309 556 3373 per
582 3290 649 3353 tres
679 3287 801 3352 rivulos
830 3287 942 3352 eadem
964 3286 1024 3351 illa
1046 3287 1220 3370 proverbia

72 3388 217 3461 fluxerunt.

121 4580 222 4644 Ornatas,
239 4590 358 4632 melecta
