2925 5050
424 289 767 402 ⁸--123-

145 498 264 583 Itaque
282 518 386 563 omncs
405 498 453 563 illc¹
466 500 587 563 ordines
601 502 634 563 et
653 498 708 582 qui
728 498 774 563 eis
793 498 915 562 similes
937 501 1012 563 sunt
1032 498 1091 563 sub
1110 498 1231 563 litteris

57 604 89 666 in
121 607 238 669 nostro
271 590 383 671 Photii
416 606 591 688 exemplari
624 604 753 671 omissis
790 605 841 668 vel
876 602 1068 691 mutilatis¹)
1095 627 1112 670 c
1139 608 1232 672 lccico

57 710 229 796 fluxerunt,
260 711 351 777 cuius
378 713 413 777 in
444 712 602 797 originem
627 715 660 776 et
683 712 823 796 pretium
847 712 945 776 altius
969 712 1131 797 inquirere
1155 714 1230 778 alie·-

58 841 133 881 num
160 821 210 883 est
234 842 253 883 a
276 820 443 903 proposito
465 823 579 884 nostro
588 816 624 906 ²).

108 1034 111 1037 ’
148 1019 171 1097 ξ
199 1016 229 1080 3.
274 1026 460 1097 Archetypl
486 1026 668 1096 proverbia
694 1026 730 1083 in
752 1027 787 1081 Μ
801 1026 828 1081 L
857 1024 992 1083 omissa.
1037 1014 1108 1081 Iam
1132 1016 1233 1102 igilur

61 1127 148 1186 certa
167 1122 294 1188 ratione
309 1123 411 1188 Athoi
431 1125 657 1208 supplementa
673 1128 819 1208 repetere
838 1144 1013 1206 possumus
1032 1146 1050 1188 e
1068 1124 1232 1189 codicibus

60 1230 211 1315 volgatis.
236 1228 313 1295 Sola
332 1232 462 1315 quidem
479 1230 670 1296 eruditionis
687 1231 780 1314 copis
794 1230 990 1314 testiumque
1008 1232 1232 1297 communione

62 1338 242 1402 Zenobiam
271 1338 417 1423 dignosci
446 1361 511 1404 non
540 1338 750 1403 concedemus
778 1337 966 1423 Iungblutio
995 1362 1026 1423 p.
1050 1340 1101 1406 12.
1146 1336 1233 1403 Nam

62 1447 119 1511 hac
144 1433 183 1511 ei
212 1449 305 1530 parte
324 1468 405 1529 quae
430 1470 446 1511 e
469 1447 571 1512 lexico
597 1446 727 1531 repetiit
750 1446 953 1511 diasceuasta
975 1469 1040 1511 non
1062 1446 1233 1511 dissimilia

63 1558 135 1617 sunt
160 1554 364 1618 Zenobisnis.
409 1554 522 1638 Neque
546 1558 632 1619 recte
661 1576 742 1639 quae
770 1554 805 1617 in
834 1554 1001 1618 ordinibus
1029 1554 1251 1638 interpolatis·

66 1662 219 1745 leguntur
251 1659 420 1725 Photianis
454 1662 622 1726 simillime
660 1662 723 1725 706
756 1660 833 1727 ὄνοι
866 1660 935 1739 ἄγει
968 1663 1130 1740 μυετήμια,
1168 1659 1234 1725 935

64 1769 220 1833 Φοινίκων
240 1774 389 1849 ευνθῆκαι
403 1768 609 1854 lungblutius
635 1769 674 1833 ad
690 1768 866 1833 Zenobium
882 1768 1009 1833 rettulit
1023 1790 1053 1851 p.
1070 1768 1120 1832 12.
1156 1768 1233 1832 Alis

65 1874 159 1940 dubia
181 1879 215 1939 et
236 1898 320 1941 nunc
344 1880 419 1940 sunt
443 1880 476 1941 et
500 1898 626 1960 semper
647 1877 840 1959 manebunt,
869 1875 959 1940 velut
983 1873 1064 1939 1341
1091 1874 1117 1938 Ρ
1140 1873 1173 1937 ΙΙ
1186 1873 1231 1939 45

65 1981 150 2059 ἀγὼν
183 1983 346 2063 πρόφαειν
379 1984 437 2049 οὐκ
466 1986 646 2065 ἐπιδέχεται
677 1974 810 2068 (Ibycus
843 1984 962 2048 citatur
992 1985 1025 2047 ot
1055 1982 1234 2066 paroemio-

67 2089 205 2173 graphus
220 2088 424 2178 incertus)³);
446 2091 474 2156 Β
494 2092 558 2156 207
583 2090 682 2170 ἀκρόν
701 2091 779 2171 λάβε
799 2092 849 2155 καί
869 2093 963 2169 μεέον
983 2091 1062 2156 ἕξει(
1077 2086 1234 2175 (Alexan-

135 2248 162 2317 1)
181 2248 242 2303 Hoc
266 2252 296 2303 et
322 2249 382 2304 veri
405 2252 449 2304 est
470 2249 561 2303 simile
585 2266 635 2319 per
659 2266 688 2303 se
712 2251 741 2303 et
765 2265 797 2304 eo
822 2247 1035 2318 comprobatur,
1062 2248 1136 2316 quod
1160 2247 1235 2302 hsud

68 2354 152 2405 pauca
174 2336 326 2407 proverbia
348 2338 383 2391 ad
407 2338 560 2408 particulas
578 2336 674 2392 Photii
696 2337 857 2407 deperditas
875 2338 1045 2407 pertinentia
1064 2337 1100 2390 ad
1124 2336 1235 2391 cosdem

68 2426 161 2493 quibus
177 2427 228 2481 ille
247 2444 311 2481 usus
331 2428 374 2480 est
388 2428 516 2481 auctores
530 2442 661 2481 revocare
681 2426 759 2481 licet:
781 2427 813 2481 of.
829 2432 864 2481 88
878 2452 913 2472 =
927 2427 1007 2481 Paus.
1022 2424 1055 2479 ίι.
1070 2432 1104 2479 25
1119 2425 1234 2492 Rindfi.;

70 2517 109 2583 (47
128 2519 202 2586 [cum
221 2524 257 2572 48
276 2535 291 2572 e
310 2515 400 2571 lexico
419 2516 568 2590 repetitum
578 2517 603 2586 7]
622 2543 656 2563 ·--
675 2516 707 2572 ir.
727 2518 786 2586 41);
808 2521 841 2572 52
862 2523 896 2562 =-'-
914 2516 947 2571 fr.
968 2520 1017 2583 523
1037 2520 1071 2570 60
1086 2541 1119 2562 =
1134 2516 1167 2570 fr.
1187 2520 1234 2584 78;

69 2611 97 2657 61
124 2633 157 2652 =
179 2608 214 2661 fr.
242 2612 289 2672 833
317 2612 369 2660 390
394 2632 428 2652 =
451 2607 484 2661 fr.
510 2611 560 2660 168
584 2607 652 2675 (fere
676 2607 713 2660 ad
736 2605 866 2674 verbum,
896 2605 949 2660 nisi
973 2606 1048 2675 quod
1070 2607 1235 2674 παραδόξως
1256 2629 1261 2638 ·

72 2694 193 2750 Eustath.
213 2715 241 2766 p.
259 2701 322 2762 897,
341 2703 384 2764 57,
402 2697 477 2764 παρὰ
496 2698 580 2751 δόξαν
594 2696 628 2764 Β)
648 2701 699 2750 957
715 2722 749 2742 =
764 2695 797 2749 fr.
818 2702 850 2750 32
871 2696 916 2764 (cf.
936 2714 963 2764 p.
986 2693 1073 2763 122⁴).

139 2789 167 2856 2)
186 2786 293 2842 Eodem
313 2785 399 2840 etiam
419 2786 476 2840 alia
489 2787 627 2854 quaedam
641 2785 788 2839 reserenda
802 2801 863 2850 cum
880 2784 979 2839 Athois
994 2783 1139 2853 permixta,
1158 2784 1238 2845 yelut
1298 2841 1301 2846 ,

70 2880 100 2929 18
117 2892 156 2945 sq.
175 2877 222 2944 (cf.
242 2877 322 2931 Paus.
341 2875 373 2929 fr.
394 2881 427 2928 25
446 2894 473 2945 p.
493 2880 528 2928 34
546 2873 668 2943 sindus,
689 2880 740 2929 697
761 2891 801 2942 sq.
822 2873 866 2942 (cf.
887 2874 947 2930 Ael.
967 2874 1082 2942 Dionys.
1102 2871 1134 2926 ir.
1154 2877 1189 2928 40
1207 2890 1234 2942 p.

71 2969 100 3017 39
117 2965 233 3031 Rindfi.;
254 2971 305 3019 698
323 2962 419 3034 glossa
437 2966 480 3018 est
499 2966 561 3019 ἀντί
579 2971 631 3018 τοῦ
651 3009 657 3019 .
678 3006 683 3018 .
704 3005 710 3018 .
730 2962 853 3016 formula
871 2962 1030 3032 explicata).

136 3058 163 3125 3)
182 3055 277 3109 Verba
294 3053 364 3108 haec
388 3056 465 3108 sunt:
492 3055 517 3107 ἀ.
536 3071 582 3122 πρ.
602 3055 653 3107 οὐκ
672 3054 693 3107 ἐ.
713 3055 780 3107 οὔτε
799 3051 892 3120 φιλία·
916 3053 932 3105 ὁ
951 3053 1056 3105 Μύλων
1075 3050 1182 3120 (Μίλων
1201 3049 1234 3120 Β)

72 3143 338 3212 ὁπαροιμιὸγραφο(
357 3145 482 3210 Ἰβύιιεων
501 3142 544 3212 (fr.
560 3147 594 3196 40
608 3140 692 3211 ng.)
711 3145 764 3208 τὴν
782 3140 931 3209 παροιμίαν
949 3141 1056 3208 ταύτην
1076 3143 1158 3208 φηείν
1177 3145 1234 3195 κτλ.

74 3229 203 3302 Bergkius
227 3234 291 3302 lyrr.
310 3251 338 3303 p.
359 3238 409 3286 107
434 3232 555 3286 coniecit
575 3233 591 3285 ὁ
616 3233 755 3299 Δήμων,
784 3231 832 3284 sed
855 3230 926 3284 talia
948 3247 966 3284 a
985 3230 1109 3284 Demone
1135 3229 1234 3285 aliena.

73 3320 153 3377 Locus
171 3323 263 3391 qualis
286 3322 362 3392 apud
382 3320 533 3390 Bergkium
555 3321 660 3391 legitur
683 3338 765 3374 sensu
784 3336 879 3374 cassus
899 3321 954 3373 est:
979 3322 1053 3374 certe
1080 3336 1143 3374 cum
1166 3320 1235 3374 Har·

19 3436 20 3441 .
74 3411 161 3481 turgio
182 3413 236 3482 ‘gr
257 3411 476 3466 Liederdichter'
497 3428 524 3480 p.
546 3417 595 3465 197
617 3411 794 3464 scribendum
813 3411 874 3463 erat
891 3408 969 3477 φίλια
987 3411 1015 3476 (ιι
1033 3408 1145 3481 φίλιον).
1180 3410 1235 3464 Sed

74 3500 158 3554 nescio
178 3518 215 3554 an
232 3499 478 3569 paroemiographi
492 3516 594 3553 nomen
608 3499 757 3553 -taleni
777 3497 867 3566 fallor,
887 3499 970 3567 quale
985 3514 1132 3552 commune
1151 3497 1237 3552 fuerit

19 3640 20 3643 ,
74 3589 316 3660 paroemiographo
337 3606 399 3642 cum
419 3588 482 3642 aliis
500 3587 661 3642 hominibus
680 3587 830 3656 nobilibus,
850 3589 882 3641 nt
896 3587 1033 3642 Aristides
1052 3588 1234 3641 -omissum

19 3696 25 3708 ·
76 3676 107 3730 sit
121 3683 152 3734 ut
170 3681 195 3733 V
210 3683 245 3733 86
264 3680 348 3746 atque
366 3677 395 3732 in
414 3679 545 3734 ΟΜΙΛΩΝ
564 3677 668 3731 litteris
687 3676 828 3730 lemmatis
849 3676 938 3730 exitus
956 3676 1054 3745 latest,
1074 3675 1152 3731 velut
1169 3679 1235 3731 οὔτε

75 3768 167 3831 φιλίαν
186 3771 303 3836 ὅμιλο(
322 3771 367 3837 (=
381 3768 483 3838 proelii
496 3769 609 3837 turba?)
629 3769 673 3821 vel
688 3770 755 3821 οὔτε
769 3771 850 3834 φιλεῖ
869 3764 945 3839 <τ>ὸ
966 3768 1099 3832 μέλλειν
1114 3798 1147 3807 -
1162 3784 1234 3835 quae

76 3871 121 3910 vox
136 3860 194 3913 lere
212 3857 356 3913 sollemnis
375 3860 418 3912 est
435 3858 465 3910 in
483 3858 537 3910 hac
557 3857 703 3924 sententia,
723 3857 757 3912 cf.
778 3859 850 3926 trag.
869 3855 922 3909 inc.
938 3855 1040 3912 Macar.
1060 3855 1072 3907 I
1094 3862 1125 3911 16
1145 3857 1236 3921 ἀγὼν

75 3945 120 4012 Τὰρ
137 3950 169 4001 οὐ
185 3950 369 4015 μέλλοντα(
383 3948 505 4013 ἀθλητοῦ
522 3947 619 4017 μένει)
633 3947 719 4013 ἀλκήν
736 3947 801 4016 (quo
817 3945 964 4000 derectius
979 3961 1062 4013 quam
1073 3944 1236 4000 Leutschius

77 4035 122 4088 vol.
140 4037 166 4090 ΙΙ
184 4052 211 4105 p.
232 4041 283 4090 196
301 4035 437 4090 iudicavit
456 4035 579 4089 Kockius
598 4035 632 4087 fr.
652 4053 721 4090 com.
752 4034 764 4086 I
782 4053 809 4104 p.
829 4040 881 4089 479
901 4035 991 4104 extr),
1009 4033 1103 4103 Eurip.
1123 4032 1232 4088 Herscl

78 4127 120 4176 722
134 4168 140 4180 .
155 4163 163 4179 .
179 4169 184 4178 .
200 4128 239 4180 ωε
257 4127 340 4192 ἐγγὺς
353 4127 441 4190 ἁγὼν
461 4127 505 4178 καί
521 4125 628 4191 μάλιετ’
647 4126 732 4193 Ἄρη(
747 4131 837 4192 crossi
853 4126 898 4195 (=
913 4125 979 4178 οὔτε
993 4125 1076 4193 φιλεῖ)
1092 4125 1236 4190 μέλλον·-

76 4227 135 4282 ταε,
154 4213 294 4270 cantilena
313 4213 457 4284 popularis
476 4213 574 4267 lulian.
590 4213 713 4269 Caesari.
730 4233 757 4284 p.
775 4219 826 4268 318
838 4239 871 4260 ==
881 4213 948 4284 lyrr.
960 4212 1004 4267 Gr.
1017 4213 1081 4269 111⁴.
1092 4232 1119 4283 p.
1131 4219 1191 4282 659,
1203 4219 1236 4267 14

77 4298 135 4370 ng.
153 4306 230 4372 ἄρχει
256 4306 306 4371 μὲν
330 4306 422 4381 ἀγὼν
443 4347 447 4357 .
469 4345 475 4356 .
496 4344 501 4356 ,
521 4306 615 4372 καιρὸς
638 4306 668 4358 δὲ
691 4309 767 4359 καλεῖ
785 4305 795 4374 Ι)
814 4307 909 4373 μηκέτι
929 4306 1068 4372 μέλλειν.
1107 4303 1234 4358 Ceterum

80 4393 142 4455 quod
165 4393 273 4448 nomini
292 4393 452 4464 appositum
472 4383 534 4447 crat
555 4392 567 4442 t
591 4395 834 4462 παροιμιόγραφοε
852 4411 869 4448 a
887 4391 1009 4448 Zenobio
1028 4410 1163 4463 nusquam
1183 4392 1237 4450 usi·

81 4477 172 4550 tatum,
190 4481 324 4536 indicium
343 4480 414 4535 mihi
433 4485 476 4536 est
494 4499 542 4536 cur
560 4483 631 4536 haec
649 4482 686 4536 ab
704 4498 738 4537 eo
757 4481 850 4537 aliena
869 4500 927 4538 esse
946 4485 1051 4552 putem.
