2925 5050
741 305 955 369 -60-
1438 362 1440 423 p

259 469 368 533 monio
392 490 458 532 non
482 470 631 532 ornatum
657 470 719 530 est:
749 488 859 530 verum
883 485 980 549 aegre
1009 464 1207 548 disceptatis
1236 465 1416 530 excideritis

257 579 371 659 poetae
395 597 506 640 versus
530 597 572 638 an
594 574 810 658 proverbium.

347 681 417 746 Iam
441 681 492 746 his
523 681 603 745 locis
632 680 673 744 ab
702 683 891 762 excerptore
919 678 1069 744 consulto
1097 681 1257 761 corruptis
1285 701 1325 743 ne
1353 680 1416 762 quid

257 789 457 852 desideretur
487 789 618 852 lacunas
652 785 734 849 addo
772 785 868 849 certis
905 786 1115 869 angustisque
1149 785 1265 850 finibus
1297 787 1440 850 circum-l

259 896 410 981 scriptas:
445 894 556 978 quales
588 892 623 956 in
656 892 806 956 omnibus
835 890 963 975 quidem
995 892 1158 956 codicibus
1186 895 1342 977 reperies,
1373 893 1417 955 sed

258 1002 423 1066 rarissime
453 1001 480 1066 si
510 1000 585 1084 quid
614 999 707 1063 video
742 1020 780 1062 ea
807 1019 871 1082 qua
898 997 931 1061 in
960 996 994 1061 M
1023 997 1208 1082 frequentia
1237 1021 1295 1084 per
1326 1003 1419 1064 totum

261 1109 452 1194 opusculum
476 1127 614 1190 sparsas.
660 1104 732 1170 Hae
761 1104 828 1168 fere
856 1108 933 1169 sunt
960 1125 1041 1188 quae
1070 1105 1177 1170 obiter
1208 1107 1418 1189 exscripserim

259 1237 381 1299 paucae
400 1216 434 1278 ni
453 1214 551 1278 fallor
571 1237 609 1279 ex
627 1212 786 1297 plurimis.
826 1211 861 1277 M
884 1211 899 1275 I
919 1213 960 1277 27
982 1243 1023 1266 =
1044 1213 1069 1277 P
1094 1209 1186 1278 V34
1211 1237 1234 1279 s.
1258 1215 1336 1280 οὐδὲ
1354 1224 1441 1305 παρ-ζ

259 1322 363 1402 φόροε
392 1322 524 1400 ἐλείφθη
545 1343 551 1384 ;
576 1323 704 1404 praeter
733 1319 798 1384 alia
824 1319 925 1382 verba
952 1321 1002 1383 καὶ
1030 1320 1180 1400 λαμπάδα
1207 1320 1441 1399 οποίἀειαιιαλ

257 1429 292 1493 Μ
311 1428 343 1492 Il
366 1429 405 1492 16
426 1426 512 1491 ==P
535 1426 605 1491 IV:
628 1425 700 1490 hiat
719 1427 824 1491 oratio
848 1429 924 1509 post
942 1425 1033 1511 εἶναι,
1057 1428 1096 1493 cf.
1114 1452 1145 1512 p.
1168 1430 1227 1494 137
1251 1428 1263 1511 ΙΙ
1286 1427 1320 1492 Μ
1338 1425 1420 1491 1125

260 1566 301 1587 --
317 1533 390 1616 RV
412 1533 466 1598 18:
486 1535 720 1613 παρακειμένην
739 1555 801 1598 vox
821 1533 951 1617 omissa,
970 1533 1009 1599 ef.
1028 1557 1057 1619 p.
1081 1535 1143 1600 142
1160 1536 1171 1620 ΙΙ
1187 1535 1222 1599 Μ
1240 1535 1333 1600 1132
1348 1534 1419 1595 =P

263 1640 294 1704 V
309 1639 350 1705 97
366 1661 427 1704 vox
446 1642 532 1716 λέγει
551 1660 616 1704 non
635 1639 736 1704 habet
753 1660 816 1723 quo
836 1639 1008 1724 referatur3
1026 1641 1080 1705 vix
1101 1643 1185 1706 enim
1206 1643 1304 1707 simul
1323 1641 1420 1705 audire

259 1747 336 1811 licet
354 1749 372 1827 ἡ
393 1742 587 1831 παροιμίαι)
627 1743 715 1820 Quae
735 1745 867 1809 lacunae
886 1745 1032 1810 codicum
1051 1748 1257 1832 volgatorum
1277 1768 1421 1812 censensu
1441 1770 1442 1805 3

261 1853 437 1936 archetypo
462 1851 675 1916 vindicantur.
721 1849 969 1934 Frequentiores
997 1852 1030 1915 in
1054 1853 1125 1917 sola
1148 1857 1224 1918 sunt
1246 1855 1420 1920 recensione

262 1959 380 2024 Athea.
401 1956 434 2021 M
449 1957 516 2022 161
533 1957 572 2021 τὰ
585 1957 657 2035 τρία
670 1960 737 2022 τῶν
752 1957 795 2021 εἰ(
811 1957 951 2024 θάνατον
962 1958 1040 2022 =P
1055 1958 1103 2024 VI
1120 1962 1158 2024 11
1171 1983 1179 2024 :
1193 1961 1275 2025 duae
1291 1962 1421 2040 lacunae,

262 2067 365 2132 altera
383 2067 459 2149 post
479 2065 590 2147 λύεειε,
609 2062 666 2128 ubi
679 2063 806 2147 plenius
825 2062 851 2127 P
871 2069 898 2128 λ.
913 2067 976 2143 πρὸ
991 2071 1047 2146 τῆ(
1066 2069 1291 2148 νενομιεμένηι
1305 2069 1420 2147 ἡμέραι,

260 2174 367 2238 altera
380 2173 414 2236 in
430 2171 517 2236 exitu
528 2169 708 2256 supplenda
723 2191 761 2232 ex
776 2168 878 2235 B893
893 2169 927 2234 M
940 2170 1027 2236 1163
1043 2173 1096 2237 ἐπὶ
1110 2174 1218 2256 <τών>
1233 2173 1398 2253 τριάκοντα
1411 2171 1420 2251 ΙΙ

258 2278 382 2344 Μ174
400 2279 530 2343 conlato
547 2277 649 2343 Β897
670 2277 750 2342 ἔνιοι
771 2281 958 2360 corruptum
979 2279 1106 2345 videtur
1120 2303 1158 2346 ex
1177 2282 1218 2345 έν
1237 2287 1319 2346 rote
1335 2281 1421 2363 <Aro-

258 2385 398 2468 νιιείοιι>
423 2385 435 2468 ΙΙ
456 2384 490 2449 Μ
513 2384 587 2450 183
610 2385 650 2449 οὐ
673 2387 874 2449 νυκτιπλοεῖι
898 2415 940 2436 =
967 2384 992 2448 P
1016 2383 1047 2450 V
1066 2385 1109 2451 32
1129 2384 1183 2473 (cf.
1202 2386 1343 2471 Hesych.
1361 2409 1383 2451 s.
1399 2408 1422 2448 u.

259 2493 384 2573 ἄετροιε
408 2488 620 2578 ιημειοῦεθαι)
646 2490 809 2556 sententia
830 2489 974 2577 flagitat,
997 2496 1033 2558 ut
1056 2493 1091 2557 in
1114 2495 1202 2559 exitu
1226 2495 1421 2580 suppleamus
1443 2529 1444 2540 ι

260 2602 304 2667 ihc
329 2607 384 2681 τῆς
409 2601 547 2683 (ἡμέρας
575 2599 652 2683 rire>
677 2600 791 2665 νυκτὸι
814 2598 909 2678 οὔιηε
933 2598 1170 2681 ἀεφαλειτέραε
1196 2624 1202 2666 :
1228 2602 1268 2667 cf.
1291 2600 1422 2685 Bagam,

259 2707 433 2793 Chrysippi
461 2705 500 2771 fr.
523 2729 552 2790 p.
577 2707 655 2790 248,
687 2706 743 2790 qui
775 2728 848 2771 eum
878 2704 1012 2772 Sehotto
1040 2711 1160 2775 rectius
1187 2708 1311 2774 iudicat
1339 2728 1421 2792 quan

260 2814 521 2881 Schneidewinus
540 2811 640 2895 praef.
655 2835 684 2895 p.
699 2810 764 2876 VII
781 2812 794 2896 ΙΙ
809 2811 844 2876 Μ
857 2811 891 2875 ΙΙ
906 2814 948 2878 28
964 2815 1072 2879 verbis
1090 2817 1142 2880 καὶ
1161 2815 1421 2892 επανοπωγώνων

260 2920 302 3006 (Β
326 2917 406 3005 loo)
431 2918 559 2983 omissis
584 2918 756 3002 explicatio
781 2941 801 2982 a
824 2918 958 3005 Pogone
981 2927 1078 3005 portu
1098 2921 1271 2986 Troezenio
1298 2920 1422 3005 repetita

204 3058 209 3067 ·
261 3027 366 3091 minus
392 3028 504 3109 aperta
526 3024 536 3107 ΙΙ
559 3023 593 3088 Μ
616 3023 710 3088 1147
736 3024 788 3089 διὰ
810 3026 869 3105 τὴν
893 3026 946 3090 ἐπὶ
968 3025 1065 3107 τὴν*
1085 3025 1422 3108 *reconcisionem-

264 3136 389 3214 μερίαν;
414 3131 508 3216 ‘quae
532 3130 681 3214 expedire
704 3129 841 3215 nequeo'
865 3132 984 3218 Bergk.
1007 3133 1083 3216 lyrr.
1105 3133 1155 3199 III
1178 3159 1208 3220 p.
1232 3132 1317 3199 623⁴
1335 3157 1341 3198 1
1359 3133 1423 3215 post

260 3242 399 3305 alterum
421 3242 479 3319 τὴν
503 3236 690 3302 exciderunt
713 3238 813 3301 verba
825 3237 952 3322 ·qnibns
971 3241 1099 3323 tempus
1119 3239 1301 3307 accuratius
1324 3238 1422 3304 defini-

259 3351 348 3410 retur
365 3346 376 3430 ΙΙ
393 3344 427 3409 Μ
445 3344 535 3409 1153
555 3344 653 3408 verba
673 3343 718 3408 ἔτι
732 3365 791 3408 του
810 3348 868 3409 aut
887 3351 1038 3429 corrupta
1052 3344 1107 3431 (ex
1120 3348 1297 3428 Θεαιτήτου
1313 3341 1422 3411 coan

260 3452 366 3516 Phot.:
390 3451 428 3516 cf.
449 3474 521 3536 app.
540 3450 588 3538 ll)
604 3454 660 3515 aut
673 3451 780 3515 lacera
796 3449 807 3533 [Ι
824 3450 858 3516 M
871 3451 904 3515 Π
921 3453 984 3517 106
998 3455 1049 3517 καὶ
1062 3455 1082 3532 ἡ
1097 3456 1171 3519 orec
1186 3455 1265 3534 αὐτὴ
1282 3452 1421 3539 (Nanch.3

260 3558 339 3636 αὕτη
358 3554 406 3643 Μ)
429 3576 475 3619 τι(
499 3556 657 3635 νομίζεται
682 3555 820 3635 ἀγείρειν
836 3579 842 3621 :
858 3558 974 3622 lacuna
993 3561 1067 3622 ante
1086 3579 1140 3625 τιι.
1181 3559 1420 3645 Excerpentium

259 3664 361 3750 igitur
375 3662 548 3746 segnitiem
564 3684 597 3727 se
608 3662 813 3727 coniunxisse
823 3663 912 3727 vides
928 3686 1000 3728 curn
1009 3665 1295 3731 transcribentium
1305 3664 1421 3730 festina-

261 3770 352 3834 tione
368 3773 464 3852 atque
476 3768 667 3833 oscitatione
679 3791 742 3853 quo
753 3768 880 3833 saevius
890 3770 1034 3836 recensio
1045 3769 1155 3837 Athos
1167 3774 1418 3856 corrumperetur.

352 3968 372 4045 ξ
392 3964 422 4028 3.
450 3972 532 4029 Loci
545 3976 664 4043 sponte
678 3974 803 4030 mutati
816 3977 852 4030 et
865 3974 1069 4044 interpolati.
1098 3967 1219 4031 Verum
1234 3968 1269 4032 in
1283 3967 1360 4032 locis
1377 3964 1420 4026 de-

261 4071 426 4137 curtandis
446 4074 478 4133 et
505 4072 691 4137 omittendis
715 4072 882 4137 licentiam
904 4095 969 4138 non
992 4076 1221 4140 continuerunt
1239 4071 1419 4139 recensionis

261 4180 389 4244 Athoae
402 4177 604 4242 diasceuasta
614 4179 666 4243 vel
678 4179 907 4264 diasceuastae,
919 4180 974 4245 sed
985 4181 1096 4267 eidem,
1106 4186 1143 4247 ut
1153 4182 1223 4247 fieri
1235 4182 1325 4265 solet,
1340 4176 1419 4244 anda·

260 4296 472 4306 ...ἡ-

334 4339 360 4405 1)
379 4335 418 4389 Ut
432 4336 459 4389 M
479 4336 491 4389 I
506 4340 539 4389 '17
558 4335 583 4389 D
598 4334 635 4389 IV
651 4340 693 4391 55.
728 4336 769 4392 Of.
785 4337 871 4392 etiam
884 4336 906 4390 P
920 4338 958 4393 IV
974 4345 990 4393 9
1005 4340 1064 4393 εἰπε
1079 4339 1118 4394 VI
1132 4346 1166 4394 39
1181 4340 1254 4405 λέγει
1274 4342 1322 4409 (sc.
1336 4336 1421 4391 auctor

262 4426 296 4479 de
316 4442 371 4493 quo
391 4424 495 4494 agitur)
515 4440 549 4479 ex
568 4423 683 4479 scholiis
700 4423 834 4482 lexicisve
852 4425 950 4496 petita.
