2925 5050
528 291 748 357 ‚91-

138 454 235 521 Inter
255 454 398 542 priorem
419 457 529 521 autem
551 453 660 539 operis
681 450 859 519 Zenobiani
881 458 1009 539 partem
1032 452 1130 539 (conl.
1152 454 1168 519 I
1192 458 1225 521 st

46 562 132 628 conl.
151 560 189 626 Π
202 561 292 627 exitu
311 558 461 649 excepto)
479 564 514 627 et
530 561 745 646 posteriorem
764 556 861 647 (conl.
874 558 909 625 Π
927 561 1048 627 exitum
1067 565 1100 631 et
1117 564 1223 627 totam

45 669 115 734 iere
138 667 223 757 111),
245 669 430 735 universam
452 667 674 734 condicionem
697 666 921 752 rationemque
945 668 974 733 si
997 673 1139 753 spectas,
1166 668 1225 735 ali·

47 777 126 861 quid
152 798 233 844 sane
254 777 401 842 interest.
446 775 484 841 In
507 776 564 841 illa
586 775 673 839 enim
692 774 766 841 tetri
787 796 808 839 α
829 776 924 841 doctae
946 775 1121 851 hominebus
1137 776 1225 856 περὶ

48 888 269 965 παροιμιῶν
289 885 398 967 scripti
420 883 455 948 in
476 905 643 948 censuram
662 885 827 967 vocantur,
850 882 884 947 in
904 882 965 947 hae
983 886 1134 967 excerpta
1152 906 1224 968 pro·

48 995 218 1076 ponuntur
236 1013 275 1056 ex
288 990 487 1073 scriptoribus
500 990 664 1073 ρνοντνάῶ
676 990 771 1055 obiter
784 988 1089 1055 aommcncrectibcs
1107 991 1225 1074 poetis-

50 1122 111 1183 que
125 1121 268 1184 quorum
281 1120 393 1165 versus
407 1101 465 1163 aut
478 1097 651 1182 proverbia
665 1097 855 1163 contineant
870 1096 969 1162 autin
980 1097 1224 1181 proverbiorum

50 1229 146 1271 usum
170 1206 322 1271 abierint.
368 1204 447 1281 Quis
471 1204 559 1269 enim
582 1203 671 1269 casui
693 1205 830 1289 tribuet,
858 1204 944 1289 quod
967 1204 1076 1269 nullus
1098 1203 1165 1269 fere
1190 1204 1225 1269 in

53 1314 153 1377 tertia
168 1314 367 1379 conlectione
387 1315 494 1378 exstat
505 1313 606 1396 loeus,
626 1314 722 1396 quem
737 1334 776 1377 cx
790 1333 886 1397 opere
901 1310 1224 1397 paroemiographieo

52 1420 231 1501 repetitum
261 1440 331 1484 esse
364 1423 488 1485 certum
517 1418 562 1483 sit
596 1417 918 1504 exploratumque)
954 1420 1038 1505 quod
1068 1417 1225 1483 Damonis

54 1525 293 1610 amplissimum
308 1548 399 1611 opus,
417 1526 653 1591 conlectionum
670 1526 686 1590 1
706 1531 739 1591 et
753 1526 785 1590 ΙΙ
798 1527 873 1592 fons
892 1527 1075 1612 primarius,
1094 1527 1226 1591 omnino
1322 1556 1332 1574 ·

52 1652 117 1696 non
148 1632 336 1716 respicitur,
365 1630 541 1697 Clearchea
569 1654 651 1715 quae
678 1632 889 1697 inveniuntur
918 1633 959 1697 ad
988 1654 1087 1697 unum
1118 1634 1256 1718 omnia¹

54 1758 91 1801 ex
110 1738 191 1818 βίων
210 1738 315 1822 libris,
330 1738 576 1824 Theophrastea
590 1760 629 1803 ex
643 1738 773 1822 seriptis
792 1738 1026 1823 philosophicis
1035 1737 1061 1824 ²)
1080 1741 1226 1805 conlecta

56 1848 139 1928 sunt,
162 1867 228 1911 non
251 1844 369 1911 hausta
392 1866 432 1941 ex
455 1845 607 1929 operibns
630 1867 740 1911 eorum
764 1845 797 1911 in
821 1846 1066 1929 proverbiorum
1086 1847 1225 1931 expliea-

54 1953 142 2016 tione
162 1952 391 2019 versantibus?
415 1951 519 2017 Immo
538 1952 673 2017 consilio
687 1953 769 2018 haee
783 1953 830 2017 ita
844 1958 921 2017 sunt
934 1954 1094 2019 institute.
1119 1954 1225 2039 Atque

124 2112 152 2177 1)
169 2108 373 2180 Aristophanes
392 2109 591 2179 grammaticus
611 2110 714 2164 citatur
732 2109 839 2165 111154
859 2112 955 2181 (1114)
974 2110 1003 2165 in
1021 2111 1043 2164 P
1063 2110 1102 2165 III
1121 2118 1155 2167 63
1176 2112 1225 2167 Ἐν

55 2197 128 2267 ὅλμῳ
148 2198 299 2266 ἐκοιμήθην
318 2198 459 2269 (εὐνάτωρ
478 2216 549 2268 quae
569 2217 740 2270 quamquam
759 2216 776 2254 a
793 2200 921 2255 Nauelrio
940 2200 973 2255 fr.
989 2200 1053 2255 VIII
1070 2220 1098 2272 p.
1118 2208 1169 2257 239
1190 2203 1226 2257 ad

57 2286 189 2355 ἀμέτρου(
205 2288 354 2357 παροιμία(
372 2288 462 2343 relata
480 2290 558 2356 sunt,
582 2291 678 2345 tamen
696 2305 731 2343 ex
750 2292 948 2345 commentariis
967 2290 1161 2361 (Homer-icisl)
1181 2292 1227 2347 vel

56 2372 154 2441 glossis
172 2374 303 2430 videntur
321 2376 446 2446 fluxisse,
465 2393 530 2431 cum
546 2394 603 2431 non
622 2378 658 2431 de
675 2377 737 2447 ipso
756 2378 905 2447 proverbio
925 2376 1127 2451 Aristophanes
1145 2382 1226 2437 testis

62 2464 206 2535 excitetur,
232 2465 280 2521 aad
305 2466 340 2521 de
360 2466 504 2521 vocabulis
521 2466 660 2536 rebusque
678 2466 708 2520 iu
726 2467 913 2537 explicatione
936 2470 1078 2542 expositis.
1115 2470 1151 2528 lll
1176 2478 1226 2527 166

60 2553 152 2625 (1124)
172 2558 207 2610 rb
225 2558 353 2624 πέρδικα(
371 2557 476 2622 (selec,
500 2555 575 2624 quod
593 2555 772 2625 proverbium
792 2558 864 2612 teste
884 2557 975 2612 Schol.
995 2558 1136 2630 Aristopb.
1154 2561 1224 2615 Avv.

63 2648 125 2698 1292
134 2642 339 2714 Aristophanes
352 2645 581 2699 commemoravit
595 2645 625 2699 ἐν
639 2651 699 2700 rete
711 2647 839 2714 ἀμέτροις
854 2629 1018 2717 παροῖμίαιτ,
1032 2646 1226 2717 Aristophanis

63 2747 160 2788 nomen
178 2733 209 2787 in
228 2731 316 2802 copiis
329 2732 495 2788 Zenobianis
515 2749 570 2788 non
589 2738 730 2790 servatum
746 2737 795 2790 est.
826 2736 1001 2805 Quamquam
1016 2736 1127 2807 singula
1141 2755 1225 2806 quae-

60 2819 117 2874 dam
140 2822 229 2878 etiam
250 2821 281 2876 in
303 2822 387 2876 tertio
409 2821 482 2877 libro
502 2822 797 2894 aparoemiographis
820 2823 987 2895 deprompta
1011 2841 1070 2880 esse
1086 2841 1165 2894 posse
1183 2827 1226 2893 (nt

59 2908 85 2962 in
107 2912 247 2981 prioribus
270 2911 356 2966 etiam
378 2913 478 2981 poetae
506 2928 654 2980 rerumque
680 2912 829 2983 scriptores
858 2913 979 2969 adhibiti
1006 2915 1082 2984 sunt)
1110 2914 1224 2970 minime

60 3017 132 3072 nego.
171 3001 228 3057 Sed
246 3004 324 3057 certa
346 3001 475 3072 exempla
497 3002 602 3056 frustra
625 3002 759 3070 quaesivi.
798 3002 854 3073 [Ad
872 3003 1088 3072 Aristophanem
1114 3010 1164 3059 163
1183 3021 1224 3073 sq.

63 3093 105 3142 166
123 3109 163 3160 sq.
183 3090 356 3161 (1121-16)
378 3109 405 3160 p.
425 3097 459 3145 49
483 3091 593 3148 rettulit
611 3090 767 3146 Schoellius
794 3097 844 3148 166
869 3094 901 3147 ut
925 3091 1124 3163 interpolatum
1143 3112 1169 3162 p.
1190 3098 1223 3147 46

61 3174 168 3234 eiciens:
187 3195 285 3234 vereor
302 3180 335 3233 ut
352 3181 447 3249 recte].

123 3269 151 3337 2)
170 3270 267 3323 Pauca
283 3268 396 3322 omnino
415 3271 482 3324 sunt
499 3285 571 3338 quae
589 3287 624 3325 ex
637 3272 919 3342 paroemiographico
935 3271 1124 3342 Tbeophrasti
1138 3287 1223 3342 opere

63 3354 94 3406 ad
115 3374 167 3411 nos
195 3358 394 3426 pervenerunt:
419 3357 454 3414 cf.
479 3357 650 3414 Schneidew.
674 3360 763 3428 praef.
787 3378 814 3430 p.
838 3360 887 3415 Ill.
931 3361 1036 3427 Quibus
1065 3361 1224 3416 addendum

64 3439 178 3500 llichael
196 3445 298 3515 Ephes.
318 3445 355 3500 ad
372 3444 488 3504 Aristot.
509 3448 566 3502 eth.
583 3448 646 3503 Nic.
666 3450 692 3503 V
712 3456 740 3517 1,
759 3450 856 3504 scholl.
878 3450 964 3505 Oxon.
983 3451 1026 3510 ed.
1045 3451 1110 3506 Ros.
1130 3449 1224 3506 Herm.

63 3527 124 3600 Vp.
143 3538 208 3602 366,
231 3534 280 3588 ubi
304 3534 340 3589 de
356 3534 528 3605 Phocylidae
550 3538 588 3605 (p.
609 3543 642 3591 72
660 3537 760 3607 agae)
780 3537 825 3593 vel
844 3538 1015 3608 Theognidis
1037 3540 1100 3594 loco
1123 3541 1225 3610 agitur,

64 3619 105 3684 qui
128 3623 226 3690 χώραν
253 3624 347 3690 μέντοι
376 3625 523 3693 παροιμία(
550 3627 658 3706 ξπέχειε
693 3644 749 3697 quo
775 3627 810 3682 de
838 3628 913 3682 haud
940 3628 1023 3685 dubie
1051 3629 1112 3700 agit
1135 3631 1224 3684 Theo·

63 3708 182 3775 phraates
201 3711 252 3767 illo
270 3719 425 3782 παροιμιῶν
444 3713 507 3770 loco
525 3733 581 3784 qno
599 3720 709 3787 septem
732 3716 781 3787 qui
799 3720 933 3773 vocantur
958 3717 1129 3788 sapientium
1148 3719 1225 3774 dicta

64 3799 211 3867 explorasse
234 3801 358 3858 videtur:
385 3803 420 3860 cl.
447 3803 524 3859 Steb.
547 3805 628 3859 floril.
652 3806 770 3860 XXXVI
795 3813 827 3863 17
852 3805 958 3878 (Apost.
983 3808 1009 3862 V
1028 3811 1092 3879 55⁸)
1111 3852 1117 3864 .
1138 3851 1144 3863 .
1165 3809 1224 3864 ,τὸ

64 3888 105 3949 μὲν
121 3892 291 3959 ἀπόφθεγμα
310 3890 433 3960 Βίαντος,
453 3894 491 3946 ihr
503 3893 637 3962 παροιμία
655 3897 686 3949 δὲ
699 3897 874 3962 λαμβάνεται.
908 3895 1083 3966 Quamquam
1097 3914 1131 3952 ex
1144 3897 1224 3952 libris

64 3982 114 4044 περὶ
131 3986 205 4036 θεῶν
228 3982 258 4037 et
279 3983 385 4050 ἠθικῶν
403 3981 564 4038 Aristotelis
582 3982 748 4053 interpretes
766 3985 817 4040 illa
835 3987 994 4042 hauserunt.
1027 3987 1111 4042 Falso
1129 3988 1223 4042 autem

64 4060 150 4133 Apost.
174 4068 213 4124 XI
236 4075 271 4125 97
295 4071 331 4126 ad
353 4070 542 4142 Theophrasti
570 4073 717 4140 παροιμία(
739 4073 851 4128 rettulit
878 4073 1104 4131 Schneidewinus
1122 4075 1141 4129 l.
1158 4087 1181 4129 s.
1202 4092 1222 4128 s.
1281 4061 1284 4067 ¹

65 4150 192 4224 Apostolii
220 4139 270 4214 illi
298 4160 377 4214 locus
401 4176 436 4214 ex
454 4159 541 4214 Suida
564 4161 608 4214 est
631 4162 737 4232 petitus
761 4164 846 4232 atque
869 4163 959 4220 Ndvoc
981 4167 1022 4220 ῶν
1045 4167 1138 4220 ὕπεικε
1160 4181 1223 4235 pro·

66 4244 181 4299 verbium
207 4247 343 4302 ficticium
370 4249 567 4318 noricinmquc
594 4249 644 4320 (V.
670 4251 745 4307 Rosa
768 4252 881 4308 Aristot.
906 4253 1081 4324 pseudepigr.
1106 4271 1134 4322 p.
1160 4257 1223 4323 631)

66 4331 230 4478 &prima
251 4336 341 4392 illius:
369 4339 430 4393 solo
457 4339 549 4397 Νάνοι
577 4340 665 4397 verbo
687 4342 913 4411 Theophrastum
935 4359 1015 4396 usum
1039 4357 1100 4397 esse
1123 4342 1224 4398 Suidas
