2925 5050
537 288 773 353 -133-

67 451 323 528 γεωργουμένων
355 448 469 535 ἀπῄτει
500 450 576 514 τοὺς
608 447 806 528 Ἀθηναίους.
858 451 984 529 παριὼν
1017 453 1052 515 δέ
1081 472 1160 516 ποτε
1189 454 1239 517 καὶ

71 558 148 623 ἰδὼν
172 556 351 637 πρεςβάτην
374 559 493 637 πέτρας
516 557 734 637 ἐργαζόμενον
758 558 808 622 καί
827 557 948 631 τόπους
967 558 1119 638 λιθώδεις,
1143 558 1239 640 ἤρετο

67 666 122 729 τὸν
146 664 338 745 πρεςβύτην,
361 664 450 729 τίνας
473 666 597 730 ἐκτῶν
620 665 732 731 τόπων
755 666 914 744 κομίζοιτο
937 667 1013 729 τοὺς
1036 668 1190 745 καρποὺς·
1219 666 1238 730 6

68 774 101 835 δὲ
134 770 340 851 ἀπεκρίνατο·
382 770 518 838 εἀδάνας
550 774 602 837 καὶ
634 775 828 852 (φακέλους,
860 772 911 837 καί
943 773 1069 838 τούτων
1103 772 1238 853 δεκάτην

67 879 288 966 Πειςίςτρατος
308 877 425 958 φέρετ’
462 879 623 958 θαυμάςας
646 880 682 943 δὲ
706 879 725 943 6
744 880 967 959 Πειείςτρατοε
986 883 1044 959 τὴν
1063 880 1239 961 παῤῥηςίαν

70 987 166 1050 αὐτοῦ
185 991 242 1066 τῆς
261 984 393 1065 δεκάτης
412 984 560 1052 ἀτέλειαν
578 986 693 1052 ἔδωκε·
712 988 763 1051 καὶ
782 988 817 1051 ἐκ
831 988 947 1052 τούτου
967 987 998 1052 οἱ
1017 985 1183 1067 Ἀθηναῖοι
1200 995 1238 1073 τῇ

69 1093 217 1176 παροιμίᾳ
239 1094 424 1175 έχρήςαντο.

156 1198 203 1267 Of.
232 1199 319 1266 Suid.
349 1224 373 1266 s.
401 1223 430 1266 v.
459 1201 682 1286 ςφακελιςμός,
715 1204 771 1286 qui
798 1202 928 1267 initium
961 1202 1079 1267 leniter
1105 1204 1239 1285 inflexit,

73 1311 176 1373 cetera
199 1304 289 1395 (inde
312 1331 332 1372 a
354 1307 490 1388 δεκάτην
513 1312 579 1373 τῶν
601 1306 731 1392 γεωργ.)
755 1308 795 1373 ad
823 1309 956 1373 verbum
980 1312 1127 1376 servavit.

155 1414 190 1479 M
212 1414 290 1480 115
319 1418 455 1481 Μᾶλλον
481 1417 500 1480 6
523 1416 622 1494 Φρύξ·
652 1415 678 1478 Ρ
700 1414 732 1479 V
758 1416 812 1480 16:
840 1417 1030 1494 ςυναγαγὼν
1058 1417 1076 1481 6
1101 1420 1239 1511 Κροῑεος,

72 1524 113 1587 ὥς
132 1545 216 1604 φαει,
238 1526 315 1588 τοὺς
333 1524 457 1608 <έπτὰ>
478 1524 608 1603 ςοφοὺς,
632 1522 750 1603 ἠρώτα,
773 1523 843 1588 τίνα
862 1523 978 1589 εἰδεῖεν
997 1524 1238 1604 εὐδαιμονέςτα-

71 1652 134 1695 τον.
180 1630 280 1695 ἄλλου
310 1633 345 1696 δὲ
375 1630 476 1697 ἄλλον
503 1633 657 1708 λέγοντος
681 1629 825 1695 Αἷςωπος
854 1630 873 1694 6
896 1631 982 1711 Φρὺξ
1010 1631 1029 1695 6
1057 1634 1240 1716 μυθοποιός,

71 1744 219 1804 τοιοῦτον
238 1739 302 1819 ἔφη
321 1739 380 1803 τὸν
395 1741 528 1818 Κροῑςον
542 1742 608 1803 τῶν
628 1736 737 1802 ἄλλων
750 1736 828 1802 ὅςον
847 1737 898 1801 καὶ
916 1738 975 1817 τήν
996 1735 1157 1803 θάλατταν
1171 1743 1237 1805 τῶν

73 1851 220 1926 ποταμῶν
239 1849 400 1925 προέχειν.
429 1845 565 1911 ἀκούςας
585 1847 621 1909 δὲ
640 1845 659 1909 6
675 1847 815 1924 Κροῑςος,
836 1843 920 1910 εἷπε·
939 1843 1078 1924 (μᾶλλον
1097 1844 1237 1924 ὁΦρύξ.’

155 1953 264 2018 Verba
278 1952 380 2018 ἄλλου
395 2004 402 2019 .
417 1955 613 2033 ..προέχειν
633 1952 750 2016 misere
769 1952 945 2017 decurtata.
976 1950 1093 2016 Melius
1108 1952 1237 2017 initium

74 2062 98 2124 si
120 2061 279 2145 exceperis
303 2060 398 2125 Phoe.
422 2059 510 2125 suid.
534 2057 593 2147 (=
617 2060 678 2125 lex.
701 2060 784 2123 rhete
808 2089 850 2111 ==
875 2057 1040 2143 Didym.?)
1061 2090 1102 2111 =
1124 2058 1238 2145 Αροοί.

73 2166 114 2231 ΧΙ
136 2170 169 2232 3;
195 2169 227 2233 οἱ
256 2168 339 2233 ἑπτὰ
361 2169 457 2248 ςοφοὶ
485 2167 689 2247 ἐρωτώμενοι
712 2167 777 2231 ὑπὸ
803 2166 946 2247 Κροίεου,
973 2166 1020 2231 τίς
1042 2170 1108 2243 τῶν
1132 2165 1237 2232 ὄντων

74 2276 361 2356 εὐδαιμονέςτατοε,
392 2275 423 2339 οἱ
446 2276 505 2354 μὲν
528 2274 755 2353 ἀπεκρίναντο,
785 2274 825 2339 τά
848 2272 942 2353 ἄγρια
965 2278 1046 2358 Ζῷα·
1073 2274 1153 2354 ὑπὲρ
1176 2275 1237 2355 γὰρ

75 2389 124 2463 τῆς
142 2383 333 2462 αὐτονομίας
352 2382 556 2463 ἀποθνήεκει·
581 2381 612 2446 οἱ
631 2384 679 2461 δὲ,
698 2383 881 2461 πελαργοὺς
900 2379 956 2467 (-
976 2383 1007 2445 οὶ
1025 2380 1147 2466 Ρίιοί.)·
1165 2382 1238 2462 δίχα

75 2490 129 2571 γάρ
152 2490 251 2572 νόμου
279 2497 317 2576 τῇ
345 2490 437 2571 φύςει
465 2491 504 2556 τὸ
532 2489 654 2555 δίκαιον
677 2487 798 2570 έχουςι·
827 2488 938 2555 (όλων
967 2490 1002 2554 δὲ
1031 2488 1150 2555 οὐδένα
1173 2490 1237 2570 πρὸ

77 2604 127 2678 τῆς
149 2599 332 2664 τελευταίας
355 2600 482 2678 ἡμέρας.
528 2598 693 2676 παρεςτώε
720 2599 755 2661 δὲ
780 2597 924 2662 Αίεωπος
948 2596 966 2660 6
990 2597 1075 2675 Φρὺξ
1099 2596 1117 2660 6
1141 2600 1235 2675 λογο-

75 2706 159 2769 ποιὸς
181 2703 359 2770 ’τοςοῦτον
383 2703 474 2769 είπεν
497 2703 674 2784 ’ὑπερέχεις
702 2703 896 2769 τῶνᾶλλων
916 2701 992 2767 ὅςον
1015 2701 1154 2768 θάλαεςα
1177 2725 1236 2768 πο-

74 2811 193 2890 ταμῶν.
239 2811 375 2877 άκούεας
403 2814 438 2876 δὲ
463 2814 593 2891 Κροῑςος
621 2810 691 2877 είπε
716 2811 851 2892 τμᾶλλον
875 2812 894 2876 6
917 2808 1024 2889 Φρύῗ.

153 2919 228 2983 *Μ
250 2919 327 2983 116
355 2919 582 2999 Εὐγενέςτεροε
611 2919 747 2999 Κόδρου
780 2918 876 2983 PIV
901 2919 934 2984 3:
967 2917 986 2981 6
1020 2917 1140 2996 Κόδρος
1169 2920 1235 2983 Με-

76 3025 187 3092 λάνθου
205 3028 274 3091 υἱὸς
292 3029 345 3107 ἦν’
370 3028 540 3092 Μέλανθος
559 3027 594 3090 δὲ
614 3028 704 3091 έκτος
724 3025 789 3090 ἀπὸ
810 3026 948 3104 Νηλέως,
971 3023 1081 3090 οὔκαὶ
1101 3025 1237 3104 Νέςτωρ.

76 3132 160 3199 οὗτος
184 3135 329 3199 έκπεςὼν
355 3139 411 3213 τῆς
435 3135 598 3213 Μεςςήνης
620 3134 719 3213 ἦλθεν
751 3133 795 3197 εἰς
823 3133 879 3196 τὰς
903 3130 1036 3212 Ἀθήνας
1059 3133 1110 3196 καὶ
1139 3152 1234 3210 μονο-

77 3245 204 3322 μαχήςαε
232 3241 314 3320 πρὸς
341 3239 472 3306 Ξάνθον
499 3240 558 3305 τὸν
587 3241 743 3318 Βοιωτὸν,
778 3239 986 3318 βαςιλεύοντα
1012 3241 1079 3303 τῶν
1106 3237 1235 3317 έἈθη-

76 3348 175 3427 ναίων,
208 3349 334 3427 νικήςας
362 3347 540 3427 ἐβαςίλευςε
568 3350 634 3410 τῶν
662 3345 843 3425 Ἀθηναίων
876 3347 927 3410 καὶ
956 3343 1067 3428 Κόδρῳ
1098 3349 1143 3430 τῷ
1176 3345 1235 3431 υίῷ

75 3456 251 3534 τελευτήςας
275 3456 333 3533 τὴν
358 3453 516 3534 βαςιλείαν
539 3455 716 3518 κατέλιπεν.
764 3452 782 3516 6
806 3455 841 3516 δὲ
866 3452 986 3530 Κόδρος
1011 3450 1106 3518 οὗτος
1130 3453 1235 3539 ἐντῷ

77 3561 145 3636 πρὸς
164 3562 312 3639 Δωριέας
335 3562 467 3643 πολέμῳ
486 3560 568 3625 ἑκὼν
587 3560 668 3638 ὑπὲρ
691 3565 747 3638 τῆς
771 3559 878 3638 χώρας
902 3558 1105 3638 ἀποθνήςκει·
1128 3560 1235 3638 προεί-

78 3686 144 3745 ρητο
166 3669 227 3747 γάρ
255 3667 319 3731 ὑπὸ
342 3671 400 3731 τοῦ
423 3671 500 3732 Θεοῦ
523 3672 591 3731 τοῖς
616 3665 799 3744 Ἀθηναίοις
822 3668 970 3745 νικήςειν,
999 3664 1064 3742 εἴγε
1088 3670 1234 3747 τελευτή-

78 3792 148 3838 ςειεν
168 3775 233 3838 ὑπὸ
256 3777 323 3836 τών
341 3775 498 3852 Δωριέων
521 3774 540 3837 6
565 3776 708 3854 βαςιλεὺς
731 3773 848 3837 αὐτῶν.
876 3771 1050 3837 ἀποθανὼν
1070 3775 1105 3837 δέ
1124 3773 1233 3850 ἐγκατ-

79 3881 155 3945 έλιπε
178 3885 296 3945 παῖδας
315 3881 374 3944 δύο
394 3882 545 3960 Μέντορα
563 3878 753 3966 (Μέδονταῖ
772 3880 810 3944 ef.
824 3878 920 3943 Phot.
936 3878 1022 3943 Suid.
1038 3879 1137 3944 schol.
1151 3880 1234 3945 Plat.

78 4006 104 4066 p.
120 3987 196 4073 377)
214 3988 266 4052 καὶ
286 3988 401 4067 Νηλέα.
410 3984 433 4075 ¹)
467 3987 486 4051 6
504 3989 562 4067 μὲν
581 3988 641 4052 οὖν
660 3989 797 4066 Μέντωρ
816 3985 885 4051 ἀντ’
903 3987 1003 4051 αὐτοῦ
1022 3987 1235 4066 ἐβαςίλευςεν·

81 4090 144 4158 δδὲ
167 4096 295 4173 Νηλεὺς·
312 4095 441 4174 ἡγεμών
463 4100 519 4186 τῆς
543 4095 587 4159 εἰς
609 4096 668 4174 τὴν
692 4092 795 4159 Ἀςίαν
819 4092 964 4159 ἀποικίας
987 4095 1124 4171 ἐγένετο.

159 4200 276 4285 Ιιιαρίιι
295 4202 502 4280 βαςιλεύοντα
519 4206 587 4268 τών
604 4202 772 4281 Αθηναίων
790 4202 897 4286 verba,
920 4223 1003 4286 quae
1022 4199 1161 4267 editores
1180 4206 1239 4267 aut
1317 4223 1323 4236 ·

77 4348 276 4364 ——·-——--——

21 4481 25 4496 ,
139 4432 163 4499 1)
181 4431 220 4486 Of,
240 4429 373 4486 Duneker
390 4428 456 4486 hist.
475 4433 532 4489 ant.
552 4431 576 4487 V
597 4435 647 4486 183
667 4435 734 4499 468,
754 4429 865 4486 Olinton
884 4428 948 4485 fast.
966 4428 1039 4484 Hell.
1058 4431 1071 4483 1
1089 4449 1117 4500 ρ.
1141 4437 1198 4487 112.
