2925 5050
704 249 901 312 „4-

303 406 490 472 Luculentis
512 408 564 472 his
583 406 737 473 Bandinii
756 409 916 493 excerptis
939 408 1321 493 paroemiographorum
1342 405 1409 470 edi-

213 517 302 578 tores
325 536 392 580 non
415 515 573 582 excitatos
598 539 667 582 esse
691 517 741 596 ad,
755 516 1014 581 Laurentianum
1036 516 1289 601 inspiciendum,
1325 535 1408 578 sane

215 622 408 692 mirandum.
450 620 513 687 sed
532 623 637 708 magis
658 625 758 688 etiam
777 623 905 707 mirum,
929 623 1014 707 quod
1034 623 1089 706 qui
1106 626 1180 706 post
1197 621 1408 687 Fresenium

215 729 254 794 de
278 729 422 795 Zenobio
446 733 592 816 egerunt,
614 752 655 794 ne
674 728 878 795 Bandiniana
902 730 1031 814 quidem
1052 733 1138 794 recte
1161 729 1409 794 adhibuerunt.

214 834 341 922 Nempe
368 835 555 922 Freseuius,
589 837 645 922 qui
673 838 711 902 de
739 837 921 923 proverbiis
948 859 1014 902 non
1041 837 1111 922 agit
1137 836 1200 901 nisi
1221 838 1257 900 in
1287 840 1409 900 trans-

214 966 319 1028 cursu,
348 944 405 1008 toci
428 943 561 1009 XVIII
586 945 698 1009 borram
722 949 846 1027 partem
871 950 1024 1032 totamque
1051 945 1148 1008 locum
1174 943 1268 1009 XIV
1290 943 1411 1007 omr'sr't

214 1074 245 1135 p.
270 1051 300 1133 8,
324 1050 380 1114 ubi
404 1051 442 1114 dc
466 1051 685 1117 Laurentiano
710 1052 885 1117 secundum
908 1049 1103 1116 Bandinium
1126 1051 1266 1136 exponit.
1312 1048 1410 1124 Hinc

214 1155 442 1222 Warnkrossii
460 1181 559 1241 error,
584 1159 639 1243 qui
663 1158 697 1223 in
716 1158 742 1222 L
763 1159 847 1223 sicut
865 1159 899 1222 in
917 1158 952 1222 M
971 1161 1124 1243 quattuor
1142 1156 1407 1241 proverbiorum

215 1265 434 1330 conlectiones
471 1269 599 1330 exstare
630 1265 731 1330 credit
765 1265 819 1351 (de
851 1266 1066 1352 paroemiogr.
1094 1290 1125 1351 p.
1152 1266 1174 1329 4
1201 1261 1289 1348 sqq.)
1330 1283 1407 1327 cam

215 1377 332 1437 exstent
352 1375 499 1456 quinque,
526 1393 661 1454 quaram
688 1395 754 1438 aaa
781 1375 817 1437 ia
839 1374 884 1438 M
905 1375 1036 1438 omnino
1056 1374 1253 1438 destinatur.
1305 1368 1405 1433 Nam

216 1479 452 1563 dubitationes,
481 1503 561 1565 quas
586 1480 624 1544 dc
649 1479 800 1544 Bandinii
828 1480 886 1544 illa
912 1504 998 1545 nova
1025 1480 1221 1545 conlectione
1244 1477 1405 1542 Fresenii

216 1585 383 1651 silentium
406 1587 488 1650 mihi
512 1591 672 1669 moverat,
703 1591 871 1675 exemptae
895 1591 982 1670 sunt,
1012 1609 1085 1651 cum
1106 1585 1246 1651 codicem
1269 1621 1323 1631 —
1349 1607 1405 1649 eo-

216 1693 287 1758 dem
307 1693 377 1758 fere
391 1697 552 1779 tempore
576 1717 640 1778 quo
668 1695 905 1779 inspiciendum
933 1716 1005 1758 eum
1034 1697 1205 1758 curaturus
1234 1715 1331 1758 eram
1357 1727 1405 1737 —

215 1798 319 1865 Halas
334 1801 563 1865 transmissum
578 1801 792 1885 inspexissem
802 1804 899 1884 atque
914 1800 1131 1865 conlationem
1139 1800 1402 1884 perlustrassem

216 1908 257 1972 ab
281 1907 424 1972 Henrico
442 1907 633 1993 Iungblutio
657 1907 839 1973 confectam
859 1911 892 1972 et
910 1907 1109 1993 perbenigne
1132 1907 1285 1971 utendam
1311 1904 1403 1969 mihi

216 2037 412 2079 concessam.
455 2013 570 2099 Neque
598 2015 726 2104 novicia
750 2019 800 2079 est
828 2019 885 2079 aut
909 2014 1075 2097 additicia,
1107 2013 1220 2078 sedin
1243 2013 1400 2078 codicum

215 2120 250 2185 M
268 2119 295 2184 L
315 2121 502 2206 archetypo,
525 2121 625 2186 immo
648 2122 683 2185 in
705 2122 778 2207 ipso
801 2121 942 2186 fortasse
966 2121 1001 2185 M
1024 2122 1104 2186 olim
1127 2120 1263 2186 exstitit.
1304 2119 1415 2206 Nam,
1449 2177 1451 2212 ;

217 2229 391 2292 continetur
413 2229 541 2312 colpotcs
564 2229 693 2294 Zenobic‘
715 2230 878 2313 ccdiczbcs,
908 2230 946 2293 de
971 2228 1086 2313 quibus
1110 2250 1185 2292 mox
1212 2227 1398 2308 dicendum
1449 2215 1451 2350 Ι

216 2333 251 2398 in
273 2332 308 2396 M
332 2338 441 2398 autem
464 2335 539 2398 finis
567 2357 694 2420 quoque
714 2336 935 2410 antecedentis
961 2336 1171 2402 conlectionis
1199 2338 1232 2398 et
1259 2334 1394 2397 initium

216 2441 417 2526 insequentis
446 2441 678 2508 desiderantur.
686 2441 710 2527 1)
759 2444 876 2529 Itaque
899 2466 971 2508 cum
994 2443 1029 2506 in
1052 2443 1236 2506 universum
1259 2440 1395 2504 Athous
1448 2455 1451 2543 p

217 2548 363 2612 ordinem
381 2548 595 2633 integriorem
614 2572 763 2615 servasse
782 2550 938 2635 videatur,
962 2550 1081 2635 quippe
1099 2550 1135 2613 in
1158 2571 1221 2634 quo
1240 2551 1394 2632 excerpta
1449 2636 1451 2641 .

218 2655 432 2741 grammatica
466 2678 531 2720 non
563 2661 686 2721 temere
719 2658 883 2722 inculcata
914 2658 981 2722 sint
1017 2657 1051 2721 in
1082 2656 1268 2742 proverbia,
1305 2655 1394 2718 hunc
1449 2704 1451 2735 ,

218 2761 389 2846 archetypi
425 2763 672 2846 proverbiorum
714 2764 876 2828 ambitum
916 2765 1120 2847 formamque
1157 2786 1196 2827 ex
1227 2762 1262 2826 M
1298 2765 1333 2825 et
1368 2758 1392 2821 L

217 2867 384 2932 restitues:

146 3036 151 3039 ,
442 2975 477 3039 Μ
960 2978 987 3043 L
1245 2974 1379 3038 Archet.
1450 2960 1451 2964 ¹

252 3080 352 3147 Iino.
377 3104 396 3145 a
421 3084 558 3163 Καδμεία
581 3085 650 3164 νίκη
734 3086 765 3149 4.
788 3084 944 3149 XVIII2
1329 3079 1346 3143 Ι
1448 3112 1451 3153 τ

235 3187 268 3251 11
292 3188 352 3253 ine.
372 3191 463 3254 ara
479 3182 697 3270 κολοφῶνα..
736 3192 766 3256 5.
789 3190 947 3256 xvnrs
1313 3187 1347 3251 ΙΙ
1449 3174 1451 3285 g

217 3293 267 3357 III
290 3295 350 3360 inc.
359 3296 400 3359 ab
410 3294 697 3377 dpoucdveoocller-
739 3300 766 3364 1.
789 3297 870 3361 XIII
893 3292 1132 3382 (Pseudoplutl
1294 3294 1346 3357 HI
1449 3302 1451 3323 ³

295 3403 448 3487 βηθρίων;
463 3404 604 3469 maxima
622 3426 698 3490 pars
1447 3387 1448 3390 Ἴ

294 3506 466 3596 (18-fin.)
491 3510 590 3576 deest.
1225 3400 1228 3608 i

231 3651 267 3707 .-
293 3616 411 3679 l‘acuna
738 3619 768 3683 2.
791 3616 868 3682 XIV
886 3620 948 3685 inc.
966 3618 1007 3683 ab
1027 3617 1100 3683 οἴδα
1114 3617 1212 3696 tipo·
1296 3612 1345 3679 IV
1447 3591 1451 3661 ss

789 3745 831 3788 να
853 3726 904 3788 καὶ
928 3726 1032 3803 (ίμων
1055 3726 1110 3803 ἐμέ
1447 3664 1451 3750 ²¹

223 3826 273 3892 IV
295 3827 427 3891 initium
451 3828 550 3895 deest.
737 3832 767 3895 3.
790 3830 903 3895 XVIII
925 3834 941 3895 1
965 3832 1026 3895 inc.
1048 3831 1213 3911 Ἅβρωνος
1312 3826 1342 3892 V
1447 3871 1451 3930 q

791 3942 854 4016 βιοῖ
878 3939 947 4018 βίον
1447 3951 1448 3962 ’

293 4181 318 4248 1)
337 4178 492 4250 Nescimus,
511 4183 606 4235 utrum
624 4198 695 4236 unus
714 4181 862 4249 quaternio
883 4182 968 4237 elisus
987 4182 1037 4249 sit,
1061 4200 1097 4237 an
1115 4184 1222 4253 plures;
1245 4185 1385 4253 praeterea

220 4269 266 4324 vel
284 4270 495 4337 quaternionem
514 4269 600 4325 etiam
618 4260 741 4339 paucula
757 4272 814 4326 ista
832 4271 1014 4328 conlectionis
1028 4271 1067 4327 IV
1085 4272 1234 4342 proverbia
1251 4272 1317 4329 inL
1334 4292 1385 4328 una
1448 4226 1451 4315 l

222 4356 327 4428 pagina
345 4358 546 4426 comprehensa
565 4356 717 4429 complecti
735 4360 869 4442 potuisse,
886 4359 943 4414 non'
961 4365 1005 4416 est
1023 4377 1072 4415 cur
1088 4378 1182 4431 neges.
1448 4391 1451 4508 1
