2925 5050
694 267 931 332 „150-

317 431 387 495 Iam
416 431 444 495 si
473 452 554 513 quae
583 428 824 514 composuimus
848 451 911 493 uno
940 431 1115 513 conspectu
1143 429 1376 513 perlustraveris,

228 539 356 605 nullum
392 537 460 601 fere
492 559 562 602 esse
594 536 817 622 fragmentum
850 535 1008 620 invenies,
1046 536 1124 620 quin
1156 536 1236 601 olim
1265 535 1377 601 infuisse

228 646 377 710 videatur
409 644 444 709 in
472 665 568 729 opere
593 642 793 726 Zenobiam,
819 642 872 707 vel
900 646 986 707 certe
1013 664 1184 733 perpauca.
1228 642 1265 706 Id
1287 645 1378 707 auten

229 775 288 837 pro
317 756 407 817 certo
436 751 599 817 affirmare
628 750 718 834 licet,
740 772 800 833 per
826 770 925 815 οοοοο
951 751 1057 815 omnio
1079 749 1267 833 Didymon,
1293 772 1380 833 aquo

198 937 201 942 Ι
230 860 330 925 etiam
354 859 479 925 scholia
497 858 740 942 Aristophaneo
759 860 792 921 et
811 857 991 941 Pindariea,
1014 855 1243 940 Harpocratio‚
1265 855 1381 919 Photius

184 969 186 972 ’
231 966 356 1055 (Paua.)
381 966 532 1051 pendent,
554 967 598 1030 ad
618 970 756 1031 οοοίνοοο
780 970 908 1029 auem
923 966 1102 1046 pervenisse.
1110 958 1134 1047 1)
1171 962 1265 1029 Unde
1282 986 1383 1027 novun

231 1073 412 1154 subsidium
430 1076 583 1158 paratum
601 1072 695 1137 nobis
711 1075 762 1135 est
779 1071 944 1135 doctrinae
959 1069 1136 1153 Didymeae
1150 1070 1384 1153 investigandae.

321 1180 473 1245 Ceterum
505 1184 558 1243 tot
589 1170 666 1244 sunt
700 1178 807 1264 operis
836 1176 1031 1243 Demoniani
1062 1177 1249 1263 fragmenta
1276 1180 1386 1241 ettam

232 1288 356 1371 ampla7.
385 1275 650 1371 ut'nequaquam
674 1285 863 1351 incredibile
887 1285 943 1363 sit,
968 1285 1185 1370 quadraginta
1206 1284 1288 1349 ilIud
1309 1284 1386 1348 libris

233 1394 372 1458 divisum
395 1394 513 1457 fuisse:
537 1392 576 1458 ef.
599 1392 757 1478 Harpocr.
782 1416 805 1456 s.
829 1416 857 1459 v.
883 1395 1000 1459 Μοεῶν
1024 1393 1107 1477 λεία,
1124 1392 1186 1457 ubi
1210 1414 1249 1455 ex
1272 1391 1386 1477 optimis

234 1500 398 1565 codicibus
421 1500 551 1564 Bekker
577 1500 700 1585 recepit
723 1501 846 1580 Δήμων
876 1500 912 1565 ἐν
940 1495 975 1578 μ’
1004 1522 1035 1564 π.
1060 1522 1105 1578 π.,
1127 1522 1201 1563 cum
1225 1502 1291 1563 tres
1313 1521 1386 1583 prae

233 1608 332 1672 beant
360 1610 397 1671 ἐν
425 1608 446 1671 ά
473 1606 523 1671 vel
552 1605 642 1693 aiod)
694 1606 756 1671 Sed
785 1607 926 1691 pretium
953 1629 1018 1673 non
1046 1606 1210 1691 aequabat
1237 1605 1387 1669 ambitum.

234 1714 430 1800 Saepissime
463 1717 575 1778 noster
603 1714 744 1806 Didymo
779 1714 960 1799 vapulavit;
992 1738 1051 1779 neo
1084 1714 1153 1779 sino
1185 1714 1272 1779 iusta
1299 1734 1389 1793 causa,

234 1822 396 1906 siquidem
416 1844 482 1885 non
501 1825 569 1885 tam
590 1821 667 1904 quid
686 1843 799 1885 verum
814 1821 858 1885 sit
876 1822 979 1904 probo
995 1822 1103 1886 studio
1124 1821 1255 1905 assequi
1272 1822 1389 1885 conatur

235 1953 332 2014 quam
362 1928 541 2015 legentium
571 1952 663 1993 aures
692 1928 800 2013 lepido
828 1927 1045 2015 fabularum³)
1072 1951 1203 1993 susurro
1229 1930 1309 1999 solet
1329 1948 1389 2011 per-

236 2038 386 2102 mulcere.
422 2036 538 2120 Itaque
552 2035 722 2100 Atthidem
738 2035 816 2121 eius,
834 2036 924 2100 cuius
945 2040 1099 2120 quattuor
1118 2039 1247 2101 tantum
1266 2038 1390 2099 aetatem

235 2144 382 2208 tulerunt
404 2143 603 2228 fragmenta,
633 2166 691 2207 suo
715 2143 784 2207 iure
807 2142 1016 2229 impugnasse
1039 2142 1272 2209 Philochorum
1293 2144 1323 2205 et
1343 2140 1391 2203 ob-

235 2254 394 2316 trectasse
416 2251 470 2316 vel
493 2250 554 2315 hae
577 2250 616 2314 de
640 2272 738 2315 eausa
760 2250 930 2335 probabile
954 2255 1013 2315 est

803 2517 845 2583 Π.

287 2643 546 2709 Grammatiai
569 2645 714 2709 incerti
739 2642 1074 2731 (AristophanisI)
1097 2645 1348 2730 fragmentum

608 2751 1041 2837 paroemiographieum

739 2873 787 2943 (ad
804 2893 832 2944 p.
853 2874 906 2942 78.)

803 3019 841 3084 A.

327 3143 361 3207 M
385 3142 418 3206 Π
441 3142 485 3207 45
507 3145 611 3209 Πενία
630 3146 667 3208 δὲ
686 3144 802 3224 coptus
822 3143 932 3223 ἔλαχε·
956 3147 1153 3223 κομματικῶς
1172 3149 1269 3209 τοῦτο
1287 3145 1392 3209 ἐκτῶν

241 3252 411 3330 Εὐριπίδου
430 3248 569 3336 (Polyid.
583 3252 621 3314 fr.
637 3252 702 3315 642
717 3250 791 3315 Ddf.
806 3249 861 3335 N.)
881 3244 1045 3328 ettuotrou,
1065 3250 1208 3330 uupdcov
1227 3252 1259 3316 ot
1276 3253 1395 3327 πίνητε(

242 3359 366 3423 πολλὰ(
389 3360 504 3436 τέχνα(
527 3358 774 3436 ἐπιτηδεύουειν.

328 3463 363 3527 Μ
386 3463 420 3526 Π
442 3464 485 3527 46
511 3466 566 3528 Καὶ
588 3464 650 3542 γὰρ
669 3463 830 3544 Ἀργείους
855 3464 935 3543 ὁρῶ·
973 3467 1024 3529 καὶ
1044 3461 1089 3552 (t)
1114 3465 1193 3546 αὕτη
1213 3463 1395 3545 (apostatos

987 3647 1000 3676 0

315 3694 340 3756 1)
355 3691 396 3745 De
410 3691 443 3746 fr.
460 3697 493 3745 15
509 3692 545 3744 M.
560 3691 594 3746 ef.
609 3694 706 3746 nostra
724 3691 761 3746 ad
776 3691 788 3744 Ι
804 3698 845 3759 ⁷8,
865 3692 900 3746 de
915 3693 936 3745 B
954 3700 986 3748 41
1002 3712 1028 3762 p.
1046 3694 1122 3748 123³.
1151 3694 1233 3749 Falso
1247 3693 1396 3749 Leutschius

241 3783 383 3850 ἢμύρμηξ
400 3785 418 3848 ἢ
438 3782 559 3848 κάμηλος
572 3780 712 3850 Ps-Diog.
728 3781 810 3836 Vind.
829 3781 903 3838 1189.
922 3782 958 3836 ad
977 3782 1131 3838 Damonem
1150 3783 1300 3838 revocavit.
1331 3781 1397 3838 Talia
1446 3777 1447 3834 I

241 3870 277 3925 ab
301 3888 334 3925 eo
353 3871 419 3923 sunt
441 3869 534 3924 aliena
558 3874 642 3939 atque
666 3887 700 3924 ex
719 3870 790 3926 conl.
811 3869 835 3924 V
854 3871 1001 3940 fluxorunt,
1021 3873 1054 3929 cf.
1074 3891 1101 3942 p.
1124 3881 1173 3928 102
1195 3879 1252 3928 109.
1446 3853 1447 3940 t

313 3963 341 4029 e)
365 3957 518 4012 Phavorini
537 3962 566 4014 ee
582 3959 724 4029 Apostolii
742 3959 781 4013 ru
800 3966 835 4016 sa
854 3960 933 4017 naua
953 3958 995 4018 es
1012 3964 1176 4031 auotoritas
1199 3963 1357 4033 apostolius
1373 3977 1397 4016 ei

241 4051 302 4119 ipso
318 4047 540 4118 Harpocratione
560 4049 672 4118 pendet,
691 4051 769 4104 cuius
789 4049 914 4105 codicem
928 4050 1009 4109 Laur.
1025 4052 1048 4106 G
1063 4053 1176 4122 propria
1194 4070 1279 4106 manu
1296 4052 1396 4122 scripsit.

241 4137 313 4192 Aliis
332 4137 424 4192 causis
436 4137 570 4192 commoti
579 4138 614 4192 de
624 4155 739 4193 numero
753 4140 802 4194 illo
818 4140 1018 4196 dubitaverunt
1028 4141 1190 4197 Siebelisius
1204 4161 1232 4212 p.
1247 4137 1290 4212 2'6,
1301 4139 1397 4196 Schnei

242 4227 369 4282 dewinus
388 4226 476 4295 praef.
494 4244 521 4295 p.
540 4224 617 4294 VIII,
641 4227 765 4280 Walzius
786 4227 926 4282 ‘Heidelb
947 4228 1074 4284 Jahrbb?
1101 4235 1169 4285 1842
1193 4250 1220 4300 p.
1249 4238 1299 4287 193
1317 4230 1397 4301 (quid
1446 4265 1447 4304 t

244 4316 317 4370 illud
336 4333 370 4369 ex
388 4316 492 4370 Μυεῶν
509 4314 569 4370 λεία
588 4314 728 4383 proverbii
747 4315 839 4384 prima
856 4316 951 4372 littera
971 4321 1063 4373 ortum
1084 4335 1144 4374 esse
1163 4320 1272 4390 credit).
1446 4307 1447 4324 .

316 4407 342 4474 3)
364 4404 441 4470 Quae
460 4405 579 4461 fortasse
599 4422 632 4459 ex
650 4405 807 4474 temporum
828 4405 923 4460 ordine
943 4423 972 4462 se
991 4408 1175 4478 excipiebant.
