2925 5050
528 281 744 348 ..33-

50 439 206 526 Solensis,
229 442 285 526 qui
308 463 373 506 non
397 441 494 508 modo
514 442 550 506 in
573 463 668 525 opere
691 442 764 521 περὶ
786 443 965 522 παροιμιῶν
992 443 1028 506 in
1050 441 1221 506 conlectio-

48 549 142 614 nibus
168 548 186 613 I
209 549 242 614 II
267 548 455 633 saepissime
479 548 625 614 adhibito
654 549 709 612 sed
738 549 836 614 etiam
866 549 901 613 in
929 547 1007 628 βίων
1034 547 1127 613 libris
1155 571 1221 613 ma-

49 657 188 739 gistrum
203 660 332 722 secutus
347 655 518 746 proverbia
528 655 638 720 sedulo
648 655 809 720 tractavit
828 653 1079 738 Amplissimum
1089 655 1157 721 eius
1171 655 1219 719 in-

50 765 158 830 venies
175 759 717 850 fragmentum9l(60)—100(69).
741 761 827 828 Nam
837 762 966 828 conlato
978 762 1147 845 Athenaeo
1157 761 1221 826 XII

50 894 77 953 p.
95 871 164 935 540
182 869 211 934 Ε
231 850 356 949 (apter
376 866 456 948 ἄνθη
476 865 603 954 eder),
626 891 765 952 quocum
789 871 822 932 et
845 869 1024 934 sententiae
1048 872 1081 934 et
1102 890 1221 934 sermo·

50 977 97 1041 nis
113 975 328 1042 similitudine
342 975 549 1040 coniunctum
561 977 611 1038 est
625 975 670 1040 εἰ(
681 975 865 1042 Μαεεαλίαν
880 975 1047 1040 πλεύεειαε
1060 971 1220 1061 91(60)‚¹)

51 1083 273 1170 depromptum
303 1103 373 1148 esse
400 1082 543 1148 invenies
571 1103 608 1146 ex
638 1079 716 1161 βίοιο
740 1111 783 1135 ==
805 1081 844 1148 fr.
867 1082 911 1146 22
933 1079 1023 1147 FHG
1044 1080 1078 1145 Π
1100 1105 1130 1166 p.
1155 1082 1221 1146 310

51 1189 105 1277 Μ,
128 1191 271 1256 indidem
293 1189 455 1254 fluxerunt
477 1186 595 1275 93(62)
618 1187 638 1267 ἡ
662 1189 791 1254 (καθῶν
814 1188 899 1268 ῥῆειε
921 1219 965 1242 --
987 1189 1026 1253 fr.
1050 1189 1080 1274 8,
1103 1186 1221 1275 94(63)

53 1299 131 1362 Arde
154 1299 337 1378 ἐγκέφαλος
360 1325 403 1348 --
426 1294 464 1360 fr.
488 1295 518 1379 5,
541 1292 657 1382 95(64)
680 1295 899 1376 Λευκηπατίαε
913 1327 955 1351 =
970 1296 1009 1360 fr.
1028 1297 1080 1381 19,
1102 1294 1221 1384 99(68)

53 1405 195 1472 Τιθωνοῦ
209 1410 310 1485 γῆραε
319 1433 362 1458 ==
372 1403 412 1469 fr.
425 1403 478 1482 20,
492 1401 610 1488 98(67)
624 1405 740 1482 κινήεω
755 1404 814 1469 τὸν
827 1401 889 1484 ἀφ’
904 1403 993 1484 ἱερά(
1002 1435 1044 1457 =
1055 1404 1093 1468 fr.
1107 1406 1165 1470 44²
1179 1401 1222 1487 (si

55 1509 241 1578 ‘Arcesilas'
256 1533 331 1596 pars
345 1511 408 1575 fuit
427 1510 533 1594 operis
548 1508 703 1595 maioris),
722 1514 819 1595 atque
834 1549 876 1558 -
892 1511 1038 1594 quamvis
1052 1511 1221 1598 inscriptio

52 1641 115 1684 non
140 1619 261 1706 legitur
281 1655 319 1664 —
340 1615 478 1704 100(69)
504 1617 633 1684 Οἰτοῖο(
656 1597 779 1698 δαίμων
805 1641 824 1682 a
843 1618 1000 1684 Muellcro
1019 1618 1058 1682 fr.
1073 1617 1117 1683 55
1135 1617 1221 1683 falso

53 1725 89 1788 ed
114 1749 194 1812 opus
218 1728 291 1806 περὶ
318 1729 496 1804 παροιμιῶν
524 1725 674 1790 relatum.
717 1723 846 1790 Nomen
874 1725 943 1790 eins
968 1746 1035 1788 non
1057 1724 1222 1789 invenitur

53 1829 165 1919 96(65)
188 1833 291 1900 Ἀκκώ
316 1831 370 1918 (ef.
393 1831 455 1897 DV
477 1831 494 1896 I
518 1833 561 1898 24
584 1833 639 1898 uhi
664 1833 887 1916 Atheniensis,
913 1831 967 1897 ut
985 1830 1028 1896 M.
1051 1832 1108 1915 49,
1131 1832 1153 1894 3
1178 1861 1220 1884 =

54 1938 162 2023 Apost
178 1940 242 2006 VH
256 1941 297 2004 67
319 1940 376 2004 ubi
390 1939 497 2004 verius
513 1937 622 2006 Samia
635 1935 845 2026 nominatur),
864 1939 951 2023 quod
968 1938 1106 2003 conlatis
1125 1939 1169 2004 95
1188 1944 1222 2004 et

31 2034 94 2110 '92
120 2047 317 2114 confidenter
349 2047 378 2111 ei
411 2047 531 2131 tribu03
565 2045 677 2112 minus·
700 2051 824 2112 eertum
851 2046 1005 2112 iudicium
1033 2045 1072 2109 de
1100 2043 1220 2131 cudo)

55 2150 101 2218 ἀεὶ
132 2153 260 2221 κολοιὸς
290 2153 378 2233 παρὰ
406 2150 509 2239 (ποτὶ)
542 2154 673 2220 κολοιὸν
704 2153 817 2234 ἱζάνει,
850 2175 1045 2238 quemqnam
1072 2151 1154 2216 PH
1177 2154 1219 2216 47

55 2261 296 2346 peripateticum
320 2260 431 2324 audire
455 2260 535 2324 mihi
561 2261 682 2326 videor.
727 2259 902 2326 Praeterea
923 2257 1101 2324 Clearchea
1127 2281 1221 2343 quae

57 2364 124 2430 dam
147 2367 290 2433 invenies
314 2389 372 2451 per
395 2330 500 2432 tedam
522 2367 590 2432 fere
613 2368 756 2453 priorem
778 2370 907 2450 partem
926 2366 1072 2450 dispersa
1091 2364 1163 2452 2(1)
1178 2398 1220 2420 =

56 2470 90 2537 fr.
112 2475 143 2554 ἵ,
166 2473 211 2539 40
231 2503 274 2528 =
292 2473 330 2539 fr.
354 2473 412 2555 52,
435 2473 480 2541 45
504 2503 546 2529 ==
569 2473 608 2541 fr.
632 2474 673 2539 27
703 2470 756 2560 (ἐν
782 2474 923 2558 δευτέρῳ
951 2473 1026 2554 περὶ
1052 2472 1220 2559 παιδείας),

58 2577 165 2668 edes)
188 2612 232 2635 π
255 2580 295 2648 fr.
317 2581 360 2647 45
383 2581 427 2647 M.
743 2624 747 2631 ·

137 2688 250 2753 Etiam
269 2689 310 2755 ad
325 2687 473 2755 Clearchi
487 2688 630 2755 sodalem
650 2690 880 2774 aequalemque
894 2688 1123 2755 Dicaearchum
1136 2690 1221 2755 haud

54 2810 164 2881 pauca,
191 2796 286 2881 plura
314 2796 387 2861 ¹sine
408 2795 505 2862 dubio
529 2819 627 2880 quam
650 2819 733 2882 quae
754 2797 885 2861 nomine
907 2796 978 2861 eius
1000 2799 1115 2861 notata
1137 2800 1222 2881 sunt,

58 2904 220 2969 referenda
241 2896 405 2989 videntur3
433 2907 520 2969 certo
543 2904 731 2969 testimonio
755 2903 785 2967 ei
807 2902 1012 2968 vindicantur
1035 2899 1153 2990 32(27)
1177 2932 1220 2957 ==
1245 2978 1251 2988 ‚

57 3008 89 3073 fr.
111 3012 153 3076 50
181 3010 270 3075 FHG
294 3010 326 3075 ΙΙ
355 3033 385 3094 p.
414 3010 480 3075 250
502 3008 559 3094 M„
595 3011 657 3075 152
686 3008 734 3093 (ΙΙ
759 3008 816 3096 12)
839 3040 882 3063 =
906 3011 944 3075 fr.
966 3009 1009 3076 51
1037 3010 1093 3094 ib.,
1125 3014 1221 3095 atque

58 3114 166 3203 62(35)
191 3117 278 3197 μερλε
301 3115 341 3180 οὐ
365 3115 482 3196 πνίγει,
510 3113 628 3201 odeo)
651 3114 836 3195 Ἡράκλειος
863 3116 971 3195 νόεοε,
998 3114 1116 3202 64(37)
1143 3116 1221 3183 τάδε

60 3223 163 3302 Μῆλοε
179 3223 220 3288 οὐ
234 3222 368 3302 φυλάξει
379 3222 597 3305 fragmentum
612 3222 713 3287 habes
729 3224 918 3289 continuum
932 3224 1062 3291 conlato
1072 3224 1221 3290 Parisino

59 3331 190 3397 auctoris
214 3351 333 3395 nomen
356 3326 546 3415 servante.²)

122 3526 147 3594 1)
167 3522 294 3579 Adnotat
319 3522 450 3578 Leutseh.
473 3541 501 3591 p.
524 3528 592 3579 330:
619 3523 814 3581 ‘Proverbium
841 3527 871 3580 et
896 3525 1047 3597 explicatio
1070 3526 1109 3581 ad
1133 3526 1221 3581 serius

58 3627 147 3667 aevum
179 3613 305 3682 spectare
337 3610 462 3681 videtur,
492 3629 577 3680 quum
602 3612 791 3668 Massilienses
822 3613 915 3668 adhuc
942 3612 1062 3685 Augusti
1092 3617 1221 3686 tempore

57 3703 162 3769 propter
188 3717 281 3757 mores
309 3701 424 3757 summis
451 3700 583 3756 laudibus
610 3702 758 3771 ornentur,
781 3703 816 3757 cf.
841 3702 942 3758 Strabo
959 3703 999 3758 IV
1019 3710 1044 3771 1,
1063 3709 1079 3759 5
1098 3723 1125 3775 p.
1147 3706 1220 3760 181'.

58 3786 154 3867 Verum
181 3790 293 3846 conluto
316 3787 455 3845 Athenaei
479 3789 542 3844 loco
571 3776 656 3858 pla'ue
683 3791 805 3860 gemello
829 3788 882 3847 XII
901 3796 953 3846 523
976 3792 999 3845 Β
1023 3793 1102 3862 (nota
1128 3798 1221 3860 χιτῶει

57 3866 178 3945 ποδήρεει
197 3879 336 3946 χρώμενοι
354 3920 362 3935 .
382 3920 389 3935 .
410 3919 416 3933 .
435 3880 618 3946 ἀεχημονοθει
637 3920 643 3933 .
663 3920 670 3934 .
691 3921 697 3934 .
717 3882 763 3935 διὰ
780 3883 834 3949 τὴν
854 3921 861 3935 .
881 3922 888 3935 .
907 3924 915 3937 .
933 3881 1080 3953 μαλακίαν)
1099 3883 1169 3938 haec
1187 3897 1222 3937 ex

58 3962 168 4035 Didymo
187 3966 298 4023 fluxisse
317 3968 437 4038 apparet
459 3966 626 4023 vetustiores
650 3970 779 4024 auctores
802 3969 990 4040 exscribente,
1012 3972 1098 4039 atque
1117 3970 1222 4037 δίχολοι

58 4054 205 4123 ἀνθρώπων
223 4064 339 4125 γνῶμαι.
376 4055 505 4114 Ceterum
523 4055 662 4113 Athenaei
680 4060 812 4129 excerpta
830 4058 996 4115 Zenobianis
1014 4060 1166 4115 simillima.

120 4146 148 4205 2)
167 4144 291 4201 Primum
310 4145 381 4200 illud
400 4148 444 4201 est
462 4145 494 4199 fr.
515 4151 530 4200 6
549 4164 576 4215 p.
597 4151 648 4201 235
663 4147 709 4216 M..
730 4149 823 4203 cetera
839 4165 895 4203 uon
913 4147 1025 4204 invenio
1044 4147 1119 4219 apud
1132 4148 1219 4203 Muel-

59 4231 146 4301 lerum,
165 4234 215 4305 qui
233 4251 267 4291 ea
281 4234 392 4290 videtur
410 4234 545 4303 omisisse,
565 4252 628 4291 cum
643 4237 763 4292 Fuhrius
778 4236 965 4294 ‘Dicaearch'
980 4254 1072 4307 neque
1085 4237 1115 4291 in
1127 4236 1221 4317 indi&

59 4336 88 4375 ea
105 4323 279 4393 exscripserit
296 4339 386 4394 neque
400 4322 430 4378 in
445 4322 687 4380 dissertationibus
706 4327 851 4384 tractarit:
870 4328 906 4384 cf.
925 4328 998 4383 infra
1016 4346 1044 4397 p.
1065 4326 1129 4381 149³
1148 4327 1221 4385 134².

60 4408 160 4465 Similia
174 4411 209 4467 de
223 4412 359 4467 Muellero
374 4414 440 4481 post
453 4411 524 4469 alios
538 4430 630 4482 nuper
644 4414 805 4471 observavit
817 4417 944 4473 Muenael
957 4416 992 4471 de
1006 4414 1137 4486 Apollod.
1151 4434 1179 4486 p.
1195 4422 1220 4470 5.

974 4504 1007 4559 6*
