2925 5050
483 284 725 348 -109-

106 442 175 507 Sub
204 442 323 507 litteris
348 442 366 510 ἶ
389 444 416 524 ᾧ
438 444 465 511 ὦ
487 443 521 506 in
549 442 613 507 hac
640 442 829 508 lemmatum
857 444 1020 527 paucitate
1050 442 1084 527 (8
1108 445 1128 509 3
1152 442 1188 531 5)

10 550 95 615 certi
119 550 204 623 nihil
223 548 357 632 efficies,
382 550 442 614 sub
462 551 578 615 ceteris
599 551 748 615 omnibus
767 550 881 615 tabula
900 550 1046 636 inspecta
1064 555 1097 617 et
1115 574 1188 615 cum

10 654 195 721 Bodleiano
210 654 374 721 Gaisfordi
389 658 567 741 ceterisque
587 658 769 742 composita
784 658 974 724 observabis
990 660 1075 744 quod
1091 682 1189 743 supra

10 765 200 847 posuimus:
216 763 339 827 turbata
353 764 411 827 illa
425 766 558 850 agmina
567 765 747 829 Zmobwao
762 786 840 845 esse,
852 767 1028 831 accuratius
1042 768 1190 849 disposita

10 892 78 935 non
105 872 246 936 inveniri
277 872 313 936 in
336 872 461 954 Athoo,
492 872 549 936 sed
577 873 752 957 complecti
785 872 893 937 omnia
923 872 990 936 fere
1018 860 1189 958 proverbia

10 978 87 1043 aliis
119 979 159 1042 de
194 980 298 1044 causis
326 975 380 1062 (of.
403 981 424 1059 ξ
448 975 483 1065 1)
510 984 658 1061 suspecta.
702 978 773 1043 Iam
803 978 1011 1045 manifestum
1041 983 1188 1045 tenemus

11 1084 254 1150 diasceuastam
278 1086 477 1170 eundemque
496 1086 771 1169 interpolatorem.
816 1085 902 1152 Nam
926 1108 1000 1151 cum
1018 1088 1190 1171 proverbia

11 1191 151 1258 Zenobii
181 1216 244 1277 quo
267 1193 396 1258 facilius
420 1192 566 1257 adhiberi
593 1197 726 1278 possent
753 1193 963 1278 neglegenter
987 1194 1020 1255 in
1044 1193 1189 1277 singulas

12 1300 145 1364 litteras
170 1300 342 1385 digereret,
366 1300 585 1384 amplissimas
609 1322 681 1365 cum
709 1302 756 1365 eis
786 1288 953 1365 coniunxit
980 1299 1090 1383 copias
1117 1322 1190 1383 pro-

12 1408 205 1472 verbiorum
233 1407 475 1472 accuratissime
506 1408 554 1471 ita
586 1407 834 1493 dispositorum,
871 1429 997 1491 semper
1030 1410 1066 1471 ut
1094 1407 1191 1471 binae

14 1514 147 1579 litterae
171 1510 409 1599 respicerentur
436 1514 486 1579 vel
516 1514 614 1578 etiam
638 1515 754 1597 plures.
801 1513 909 1599 Atque
938 1514 966 1577 si
993 1515 1090 1578 series
1118 1536 1190 1597 pro-

13 1622 204 1686 verbiorum
232 1622 502 1707 interpolatorum
526 1620 556 1685 A
584 1620 696 1685 littera
724 1621 760 1685 in
787 1622 900 1686 tabula
928 1621 1098 1686 denotatas
1121 1644 1190 1705 per-

15 1728 210 1793 lustraveris
235 1734 267 1793 et
290 1751 372 1813 quae
395 1729 433 1793 de
457 1730 503 1793 eis
528 1751 626 1813 supra
655 1710 891 1813 disputavimus
919 1730 1075 1794 memoria
1103 1751 1190 1813 repe·
1238 1752 1244 1763 ·

16 1838 118 1921 tiaris,
133 1837 381 1920 conlectionem,
395 1836 480 1900 unde
493 1835 631 1901 haustae
650 1837 725 1920 sint,
744 1839 815 1901 tota
830 1836 955 1901 ratione
971 1860 991 1901 a
1005 1836 1191 1901 Zenobiana

19 1944 181 2009 diversam
204 1943 303 2009 fuisse
326 1944 479 2009 invenies.
520 1942 755 2008 Enarrationes
773 1944 961 2028 plerumque
982 1944 1190 2009 brevissimae

19 2053 112 2116 certis
135 2050 289 2116 formulis
313 2052 504 2135 instructam
529 2049 651 2115 similia
673 2052 844 2135 proverbia
867 2051 927 2115 sub
952 2074 1015 2116 uno
1037 2051 1190 2115 lemmate

19 2164 269 2243 componuntur3
311 2160 505 2244 scriptorum
543 2158 732 2222 testimonia
769 2158 984 2243 infrequentia
1021 2162 1191 2223 occurrunt

21 2288 194 2351 eorumque
222 2270 351 2331 tantum
374 2266 436 2351 qui
463 2266 562 2329 etiam
589 2265 823 2331 recentioribus
852 2266 923 2331 triti
952 2270 1044 2331 erant
1073 2270 1105 2330 et
1132 2288 1191 2350 pro

21 2374 198 2457 exemplari
232 2395 302 2438 esse
335 2374 498 2456 solebant,
531 2372 619 2437 velut
643 2371 790 2437 Platonis
814 2370 858 2459 (B
882 2374 924 2437 89
950 2375 1014 2439 113
1037 2374 1103 2439 323
1126 2372 1192 2437 350
1225 2426 1227 2431 ,

24 2482 80 2547 767
97 2483 183 2568 826)
202 2480 338 2546 Homeri
361 2480 402 2567 (P
415 2480 431 2545 I
445 2481 488 2546 93
505 2478 564 2545 DI
583 2477 641 2567 83)
660 2479 794 2546 Luciani
813 2480 1006 2547 fabellarum
1030 2480 1191 2566 Aesopea-

22 2610 88 2653 rum
111 2588 204 2675 (cf..§
225 2591 242 2653 1
262 2612 293 2673 p.
313 2589 355 2653 99
376 2587 437 2676 sq).
476 2588 527 2653 Ad
549 2588 629 2653 haec
652 2589 681 2652 si
703 2590 810 2674 ipsum
834 2590 995 2673 ordinem,
1022 2612 1086 2674 quo
1109 2589 1192 2653 nihil

24 2702 151 2760 curatur
184 2697 249 2760 nisi
277 2697 502 2780 quaerentium
534 2696 761 2776 commoditas,
793 2696 827 2760 in
858 2697 1001 2761 rationes
1035 2696 1194 2780 intuleris,

23 2801 109 2867 facile
139 2803 309 2887 concedes,
339 2803 439 2868 talem
472 2804 705 2869 conlectionem
733 2815 801 2868 non
828 2804 1028 2869 elaboratam
1056 2825 1126 2868 esse
1151 2803 1192 2867 ab

26 2908 150 2976 bomine
166 2911 223 2995 qui
241 2911 279 2974 de
297 2911 542 2995 proverbiorum
562 2911 689 2994 origine
708 2915 741 2976 et
759 2915 878 2976 natura
891 2911 986 2975 docte
1002 2911 1193 2994 disputaret,

28 3017 77 3080 sed
104 3023 275 3083 consutam
299 3040 319 3082 a
342 3019 472 3083 rhetore
502 3018 552 3081 vel
584 3016 732 3101 sophista
760 3017 939 3083 recentiore
961 3023 1035 3100 post
1055 3018 1193 3083 Ιααίααί

28 3129 163 3204 anam,
187 3126 278 3190 cuius
297 3125 362 3190 loci
380 3124 422 3209 (B
441 3125 485 3189 90
505 3125 568 3190 129
586 3125 666 3190 41οε
686 3123 727 3190 cf.
746 3127 766 3204 ξ
788 3127 805 3190 1
830 3149 861 3210 p.
887 3122 964 3211 102)
988 3125 1055 3189 fere
1076 3147 1188 3191 omnes

28 3227 55 3291 in
75 3224 270 3316 fragmentis
294 3254 333 3296 ex
357 3231 415 3295 illa
437 3231 585 3316 repetitis
611 3229 828 3294 inveniuntur.

107 3339 180 3404 Iam
204 3339 307 3404 cuivis
338 3338 395 3402 uni
422 3341 538 3423 sponte
567 3337 600 3402 in
630 3341 771 3402 mentem
799 3340 967 3402 venturum
999 3362 1068 3406 esse
1099 3341 1193 3406 credo
1233 3330 1239 3338 ’

29 3442 151 3510 fmstuli
188 3446 277 3511 illius
315 3447 446 3531 quintae
479 3444 690 3510 conlectionis
722 3444 757 3508 in
790 3443 860 3509 ML
888 3447 1017 3513 servati.
1067 3447 1192 3513 Eodem

31 3552 131 3619 ordine
156 3558 308 3620 accurate
331 3553 491 3637 disposita
515 3555 591 3632 suut
613 3551 656 3616 29
680 3550 739 3614 illa
761 3551 915 3616 lemmata
938 3553 972 3618 iu
991 3553 1033 3635 M,
1053 3557 1094 3620 67
1115 3556 1148 3620 in
1167 3554 1194 3619 L

10 3660 197 3746 :servata;¹)
236 3657 359 3726 similia
395 3661 513 3745 ubique
551 3659 725 3745 proverbia
762 3664 1003 3744 congregantur
1038 3662 1191 3746 plurima;

31 3768 218 3834 testimoniis
251 3769 383 3833 omnino
410 3768 554 3852 parcitur
583 3767 648 3832 nisi
680 3767 764 3852 quod
798 3787 896 3830 unum
926 3771 1033 3834 exstat
1055 3768 1190 3835 Homeri

32 3870 60 3935 M
79 3897 107 3958 p.
130 3876 197 3941 378
222 3898 247 3941 s.
273 3873 494 3955 cananaeae
517 3873 679 3954 ἀγρίππου
699 3903 741 3924 =
760 3871 787 3936 L
804 3873 857 3938 43.
903 3872 994 3939 Adde
1018 3875 1102 3958 quod
1125 3877 1194 3960 plu-

32 3978 102 4044 rima
123 3982 299 4068 proverbia
322 3982 363 4046 ab
387 3982 583 4047 animalibus
613 3984 804 4065 repetuntur
822 3979 857 4045 M
875 4003 906 4064 p.
924 3981 989 4047 376
1013 3981 1097 4048 Ιι34
1119 3980 1195 4060 παρ’

35 4102 235 4118 Ἢ...-

93 4161 118 4225 1)
137 4160 212 4214 Nam
226 4159 248 4214 1.
265 4164 281 4213 6
301 4161 366 4214 ante
385 4160 525 4227 μυρμηκιὰ
538 4157 697 4212 addendum
711 4157 826 4222 ἀγαθῶν
841 4156 886 4226 (cf.
901 4155 944 4229 P),
964 4162 1067 4213 16-18
1082 4157 1194 4211 atelano

36 4246 129 4312 (μήχειε
147 4294 154 4305 .
174 4291 181 4303 .
202 4291 208 4302 .
229 4248 348 4314 ἀνέμου(
367 4252 454 4317 θηρᾷ(
473 4288 479 4300 .
500 4288 506 4300 .
527 4291 533 4304 .
552 4248 621 4314 ἀέρα
638 4244 727 4299 παίει(
750 4245 869 4301 eandem
887 4247 945 4302 fere
964 4245 1133 4300 sententiam
1152 4247 1193 4300 in-

10 4376 11 4403 ,
36 4330 171 4392 lustrantia
188 4337 264 4392 male
282 4354 357 4391 nunc
375 4336 528 4404 disiuncta3
552 4336 672 4407 primum
695 4334 789 4388 locum
812 4335 882 4390 olim
908 4334 1059 4391 obtinuisse
1081 4334 1195 4391 videtur

10 4500 12 4521 ,
37 4425 98 4487 quod
114 4443 187 4482 nunc
206 4426 338 4481 ultimum
357 4427 408 4483 est.
445 4425 588 4481 Additicia
606 4439 661 4479 non
679 4439 754 4480 curo.
