2925 5050
708 267 922 330 ..54-

229 437 310 514 φῶε,
336 453 396 514 quo
421 430 460 494 de
484 428 522 493 of.
543 427 822 494 Schneidewinum
846 425 946 509 prael.
965 448 995 508 p.
1013 422 1122 488 XXVI
1147 426 1181 487 et
1203 427 1322 488 nostra
1345 427 1365 502 ξ
1386 425 1408 484 4

227 563 256 623 p.
273 539 314 602 73
330 561 376 622 sq.
411 537 534 612 Quibus
554 535 634 600 locis
654 533 956 618 omnibuslecunas
975 531 1240 614 corruptelaeque
1254 528 1404 594 foedissi-

227 667 297 709 mos
326 646 387 726 ipsi
419 643 557 707 ουυιίυω
585 643 721 706 codicum
748 639 908 721 archetypo
935 637 1124 702 tribuendas
1152 658 1223 701 esse
1256 641 1406 720 apparet,

227 754 312 817 siout
335 750 464 820 illisde
488 749 605 833 quibus
630 749 754 832 egimus
777 771 808 831 p.
831 747 873 810 49
899 769 944 830 sq.

317 857 439 923 Verum
462 858 520 920 τὸν
544 858 721 934 κολοφῶνα
745 855 904 934 ἐπέθηκαν
923 855 1127 936 excerptores
1145 852 1202 916 ubi
1219 873 1286 915 non
1303 850 1404 915 modo

227 964 460 1046 enarrationes
484 962 540 1028 sed
563 963 635 1046 ipso
658 961 757 1025 etiem
780 961 952 1044 proverbia
977 962 1228 1044 amputaverunt
1250 979 1402 1040 corrupe-

227 1076 303 1136 runt
326 1070 638 1137 contaminaverunt.
684 1066 875 1132 Levioribus
906 1089 987 1151 quae
1016 1067 1135 1159 dudum
1159 1068 1303 1130 correcta
1328 1067 1405 1127 sunt

227 1179 381 1262 exemplis
405 1175 533 1241 omissis
558 1175 591 1238 in
614 1173 794 1258 desperetis
818 1173 1012 1257 quibusdem
1031 1172 1211 1238 tractandis
1231 1176 1265 1236 et
1282 1172 1357 1235 fieri
1375 1173 1403 1234 si

229 1287 333 1370 possit
356 1281 562 1348 restituendis
587 1303 637 1344 me
661 1280 819 1345 contineo,

315 1391 348 1454 Π
368 1389 464 1454 ύῖνΜ
487 1388 621 1471 praebet
645 1389 725 1452 satis
750 1387 843 1451 mire:
871 1388 1079 1452 Λευκῶλενον
1103 1386 1195 1450 λίνον
1217 1391 1320 1469 κερδῷ
1346 1408 1402 1463 γα-

228 1505 304 1579 μεῑτ.
346 1497 435 1561 Κατὰ
449 1495 620 1574 παροιμίαν
644 1493 737 1558 αὗται
761 1491 820 1578 (sc.
840 1489 994 1576 γλῶτται)
1014 1492 1110 1575 <ἐπὶ>
1129 1497 1187 1557 τοῦ
1212 1497 1326 1558 λευκοῦ
1353 1495 1402 1556 καὶ

227 1611 286 1670 τοῦ
305 1603 483 1683 κερδαίνειν
499 1603 660 1678 λέγονται·
680 1603 699 1681 ἡ
715 1603 772 1680 μὲν
790 1602 850 1679 γὰρ
869 1601 949 1664 κατὰ
968 1601 1006 1664 τὸ
1021 1600 1197 1678 κερδαίνειν
1215 1601 1295 1664 κατὰ
1310 1597 1402 1685 (num

228 1707 330 1796 ἀπόἳ)
363 1714 429 1774 τῶν
457 1710 510 1773 ἐπὶ
538 1710 640 1787 κέρδει
670 1709 861 1786 γαμούντων
885 1708 942 1770 τὰ(
967 1707 1095 1786 αίεχρὰ(
1122 1711 1275 1783 γυναῖκα(
1302 1709 1321 1785 ἢ
1346 1707 1401 1770 τὰ(

227 1817 438 1896 γεγηρακυίαε
454 1818 593 1891 λέγεται
612 1816 650 1878 τὸ
670 1816 705 1878 δὲ
725 1818 849 1892 κερδῶν
864 1813 922 1878 οὐκ
940 1815 1132 1878 ἐντέτακται.
1165 1813 1257 1877 Nihil
1270 1813 1402 1896 prodest

227 1923 388 2008 Ps-Diog.
403 1920 450 1986 VI
465 1922 507 1985 22
523 1925 550 1985 λ.
566 1925 593 1984 λ.
608 1926 816 2000 κερδογαμεῑε
825 1918 851 2006 1)
865 1925 931 1986 κτλ.
958 1920 1037 1984 Veri
1056 1920 1230 2004 vestigium
1243 1920 1400 1984 remansit

227 2029 255 2092 B
278 2030 342 2094 619
367 2028 568 2092 λευκώλενον
592 2027 683 2091 λίνον
708 2028 836 2104 Κερδῶν
865 2032 976 2105 γαμεῑε
1007 2032 1104 2111 etque
1128 2026 1287 2110 Ps-Diog.
1307 2025 1401 2090 Vind.

227 2136 308 2200 1114
325 2137 474 2214 Κέρδων
493 2137 616 2213 γαμεῖ·
636 2134 737 2212 παρὰ
756 2134 799 2196 τὸ
818 2132 940 2212 ὄνομα
954 2131 1400 2216 (Κέρδωνακέρδοε,αίῖ0.7.

229 2242 282 2306 Gr.
306 2241 339 2305 ΙΙ
370 2241 467 2324 1078,
500 2239 620 2323 Euphr.
649 2261 728 2304 com.
752 2239 801 2303 IV
830 2264 859 2323 p.
888 2240 954 2305 493
981 2238 1039 2327 Μ.)
1069 2237 1222 2326 εἴρηταιί)
1255 2241 1307 2304 ἐπὶ
1334 2243 1399 2302 τῶν

228 2351 279 2414 διὰ
302 2351 414 2427 κέρδοε
438 2347 637 2426 αἱρουμένων
662 2348 720 2412 τὸν
744 2347 855 2426 γάμον.
897 2345 981 2410 Hinc
1007 2349 1223 2431 consequitur,
1246 2347 1330 2430 quod
1348 2346 1398 2410 vel

230 2479 268 2521 ex
290 2454 391 2518 Athoi
415 2454 522 2518 verbis
547 2454 647 2518 αὗται
667 2504 674 2518 .
695 2505 700 2518 .
720 2505 727 2518 .
748 2456 921 2531 λέγονται
945 2452 1160 2540 αοοοΙυύαεί),
1183 2455 1304 2518 lemma
1322 2453 1398 2516 illud

232 2540 317 2626 effici
341 2562 464 2625 duabus
489 2562 606 2645 glossis
631 2562 714 2625 male
737 2562 971 2645 conglutinatis
991 2562 1192 2627 λευκώλενον
1210 2562 1231 2640 †
1246 2562 1336 2627 λίνον
1355 2558 1396 2645 (.)

233 2672 266 2733 et
292 2670 419 2746 Κέρδων
442 2674 546 2747 γαμεῖ.
593 2666 706 2751 Neque
730 2673 840 2732 tamen
863 2670 1042 2752 explicatur
1065 2670 1129 2733 nisi
1153 2670 1265 2753 altera,
1288 2670 1321 2733 in
1340 2691 1398 2754 qus

230 2797 348 2840 nomen
369 2777 496 2854 Κέρδων
521 2776 636 2857 latere,
659 2775 828 2839 verissime
849 2780 999 2841 monetur
1017 2777 1052 2840 in
1075 2777 1216 2860 epitome
1235 2776 1395 2841 Vindobo-

233 2879 371 2966 nensis)
391 2882 511 2945 similia
526 2885 602 2945 sunt
616 2880 758 2946 Ἀκεείαε
779 2882 896 2962 ίάεατο,
918 2884 1052 2947 Βουλίαε
1072 2882 1196 2962 δικάζει,
1213 2884 1396 2960 Καλλιπίδηε

166 3012 169 3021 ’
230 2992 334 3068 τρέχει
359 2986 522 3073 (Leutsch.
547 2988 588 3051 ad
612 2992 712 3051 mant.
736 3010 825 3070 prov.
847 2988 924 3053 187
949 2988 1012 3053 vol.
1030 2988 1064 3051 ΙΙ
1087 3011 1117 3073 p.
1138 2986 1216 3074 757)
1239 2990 1397 3069 Ἅβρωνοι

232 3094 300 3174 βίον
326 3098 396 3175 βιοῖ,
421 3094 585 3173 δεινότερα
608 3098 675 3158 τῶν
698 3094 832 3159 Δεινίου
856 3092 896 3180 (O
915 3094 984 3180 99),
1010 3096 1145 3161 Ναύεων
1167 3102 1338 3175 ναυκρατεῖ
1360 3093 1397 3181 (Β

233 3201 307 3283 677,
331 3200 358 3263 si
383 3199 478 3265 lectio
503 3200 605 3286 vera),
629 3206 725 3285 atque
745 3238 791 3294 .—
816 3206 854 3266 ut
875 3201 955 3265 mihi
979 3202 1106 3267 videtur
1129 3242 1169 3250 —
1196 3204 1235 3267 οὐ
1260 3204 1397 3283 Δικάβου

302 3397 327 3464 1)
346 3394 425 3447 Hono
435 3393 602 3463 scripturam
616 3393 748 3463 probavit
761 3395 862 3463 Miller,
876 3412 973 3450 verum
988 3412 1043 3463 quo
1058 3396 1213 3465 explicetur
1226 3414 1283 3451 non
1298 3396 1397 3451 attulit.

301 3486 328 3553 2)
349 3484 388 3541 cf.
404 3483 468 3537 Hes.
485 3502 505 3537 s.
520 3501 544 3538 v.
562 3483 732 3537 Ἀκαλανθίε·
757 3490 854 3550 ταχεῖα
868 3486 956 3552 κύων,
972 3486 1031 3539 ὀνο
1037 3491 1194 3553 ματικῶε,
1213 3486 1236 3537 Β
1255 3492 1289 3539 42
1310 3488 1397 3541 Ἀκάν-

230 3573 412 3642 010<(errore)
424 3573 511 3625 κύων·
525 3578 622 3638 ταχεῖα
636 3574 867 3638 δνομαετικῶε
881 3574 978 3642 (schol.
990 3573 1074 3628 Arist.
1085 3592 1146 3643 pac.
1160 3580 1228 3629 1078
1242 3576 1285 3628 ἀκ.
1296 3578 1399 3641 ὄνομα

229 3665 312 3717 κυνὸε
329 3664 411 3731 κτλ),
438 3662 467 3714 et
484 3659 559 3728 quod
576 3660 698 3715 maxime
722 3662 777 3715 huc
801 3661 924 3731 pertinet
941 3660 1023 3717 Phot.
1042 3662 1069 3715 ll
1087 3681 1113 3732 p.
1134 3669 1183 3716 201
1206 3664 1239 3716 N.
1258 3666 1397 3718 Ταντάλου

229 3754 353 3806 τάλαντα
372 3794 377 3806 .
399 3776 409 3805 .-
425 3792 432 3807 .
451 3750 550 3814 γέγονε
570 3751 599 3803 δέ
617 3751 707 3818 παρὰ
725 3751 763 3803 τὸ
781 3752 892 3817 ὄνομα
909 3752 1033 3805 τάλαντα
1052 3756 1108 3807 κτλ.

288 3816 334 3907 1’3)
357 3840 433 3893 Hcee
453 3838 568 3892 obstent
586 3838 729 3908 speciosae
749 3838 883 3894 Zielinski
905 3840 961 3894 mei
987 3840 1145 3910 suspicioni,
1173 3841 1222 3911 qui
1244 3841 1331 3896 verbs
1352 3841 1397 3894 ills

233 3930 414 3999 praeceptum
434 3926 576 3981 continere
591 3928 727 3997 populere
743 3929 863 3983 coniecit
875 3928 978 3999 puellis
991 3929 1218 3999 nupturientibus
1232 3930 1395 3984 destinatum

232 4018 331 4073 ‘linteo
350 4017 415 4070 elba
433 4014 503 4087 <ubi
521 4015 693 4089 paraveris),
713 4017 886 4073 condicionis
904 4019 995 4072 bonae
1014 4017 1130 4072 hebebis
1149 4015 1340 4087 potestatem'.

301 4108 327 4175 4)
347 4103 386 4159 ef.
408 4105 494 4159 etiam
518 4105 552 4158 de
572 4106 702 4161 Leutsch.
725 4106 812 4162 ‘cust
832 4107 886 4175 gel.
906 4106 988 4160 Ani)
1016 4112 1085 4160 1846
1110 4125 1137 4175 p.
1153 4113 1231 4163 1402.
1251 4138 1285 4165 -.-
1304 4106 1395 4163 Festus

231 4194 331 4264 (Paul.)
349 4212 375 4262 p.
398 4198 432 4247 56
450 4192 502 4247 M.:
528 4192 664 4262 ‘Cercopc
682 4192 782 4249 Graeci
800 4195 947 4263 appellant
970 4194 1074 4248 lucrari
1096 4195 1226 4265 undique
1244 4196 1392 4265 cupientem

231 4284 278 4353 (ol.
289 4283 420 4337 Leutsoh.
431 4283 466 4337 ed
482 4283 503 4336 P
517 4284 575 4354 15),
590 4284 669 4352 quusi
685 4285 853 4352 Κέρδωνα,
868 4300 952 4351 quem
965 4300 1016 4337 nos
1029 4300 1140 4352 quoque
1154 4285 1308 4339 lucrionem
1321 4302 1394 4339 voce-

234 4372 317 4429 mus!
356 4369 530 4441 Quemquam
551 4371 637 4427 etiem
656 4374 735 4428 cerdo
753 4372 887 4427 Romanis
906 4373 988 4427 notus
1007 4374 1051 4425 est
1083 4372 1216 4440 (luvensl.
1234 4372 1372 4444 Martini).
