2925 5050
522 298 737 362 ..89-

39 458 77 521 fr.
98 460 145 523 70
163 482 194 543 p.
210 460 271 524 731
291 458 341 543 Κ,
363 460 426 527 142
440 458 479 525 οὐ
498 460 583 539 μάλα
596 461 618 538 †
631 465 727 543 κυκᾷε
746 490 788 513 ==
809 458 846 523 it.
869 458 911 523 10
928 481 959 544 p.
980 459 1040 524 741
1062 458 1101 524 Κ.
1122 460 1218 525 certis

41 566 244 631 testimoniis
269 566 298 630 ei
320 567 483 632 vindicare
505 567 683 652 possimus,
706 567 805 631 etiam
829 566 868 630 de
893 565 955 631 141
980 565 1083 631 Λυδόε
1106 567 1143 631 ἐν
1166 588 1218 645 με-

43 674 179 758 (ημβρίᾳ
204 710 246 721 ·-
270 674 325 738 ubi
348 673 492 739 notanda
513 674 545 739 οἱ
568 675 665 739 Λυδοὶ
687 677 917 757 κωμῳδοῦνται
936 673 1089 738 --nulla
1111 677 1221 758 potest

44 802 117 845 esse
141 781 313 846 dubitatio.
359 781 469 866 Usque
500 782 539 846 ad
566 781 653 846 hunc
680 781 787 845 locum
815 780 854 844 τὰ
882 778 955 845 κατ’
978 780 1122 861 ἔλλειψιν
1152 802 1219 846 ver·

46 910 205 973 suumque
233 888 373 953 frustula
396 887 580 975 (κομμάτια)
605 889 787 972 composita
816 888 975 972 videntur,
1003 891 1040 952 ut
1066 887 1099 952 in
1127 887 1220 952 initio

46 997 191 1081 excerpti
222 995 427 1081 grammatici
456 1018 530 1080 app.
553 993 603 1078 113
636 998 815 1080 sequuntur
843 994 961 1079 integri
989 1016 1099 1060 versus
1131 992 1220 1059 οἶδεν

48 1104 100 1183 (ex
128 1099 170 1188 Ρ)
198 1103 327 1168 Πυλαία
354 1107 455 1167 ταῦτα
485 1104 537 1167 καὶ
564 1103 730 1179 Τυττιγίαε
762 1102 824 1167 143
852 1099 898 1185 (ll
922 1098 958 1187 5)
991 1098 1153 1185 (Cratini‘l
1182 1099 1221 1181 cf.

49 1209 187 1275 Meiuelr.
207 1232 286 1275 com.
301 1210 339 1274 fr.
357 1208 391 1274 Il
409 1234 440 1295 p.
463 1208 550 1297 111),
572 1210 613 1273 τὰ
636 1208 742 1291 πρῶτ’
764 1208 909 1289 ἀρίετουτ
927 1212 1045 1274 παῖδα(
1064 1207 1221 1291 <έξ>εγεί-

50 1338 128 1382 νατο
152 1319 223 1397 144,
243 1339 337 1401 quem
356 1341 376 1381 a
394 1318 518 1382 comico
538 1317 650 1382 fictum
668 1340 782 1383 censeo
802 1317 842 1382 ad
862 1315 1160 1401 exemplartrsgici
1175 1311 1222 1402 (t)

49 1425 88 1488 τὰ
102 1425 202 1506 πρῶτ’
215 1425 361 1505 ἀρίττουε
376 1430 493 1490 παῖδα(
507 1422 618 1502 Αἴγινα
632 1422 777 1507 τρέφειῑ)
797 1424 827 1489 D
843 1422 924 1488 VIII
939 1424 980 1488 38
996 1422 1090 1488 Phot.
1104 1418 1222 1509 (Suis.)

53 1533 184 1617 servati,
219 1533 283 1599 146
312 1535 432 1597 δοῦλον
464 1532 523 1597 οὐκ
552 1531 634 1611 ἄγω,
666 1533 695 1597 εἰ
728 1534 767 1612 μὴ
800 1531 1019 1611 νεναυμάχηκε
1052 1530 1124 1609 περὶ
1155 1534 1222 1593 τῶν
1340 1544 1350 1561 ·

52 1645 153 1719 κρεῶν
175 1639 335 1724 repetitus
358 1662 396 1704 ex
417 1638 646 1722 Aristophanis
665 1639 768 1704 Rauis
793 1639 865 1703 191.
908 1637 998 1713 Quae
1022 1659 1060 1700 ex
1078 1635 1113 1699 M
1136 1657 1222 1700 acce-

54 1747 131 1811 dunt
148 1747 211 1813 145
224 1746 420 1812 Ἀκυλίωνοι
440 1745 497 1831 (ab
516 1745 655 1811 ductor?
674 1744 794 1811 ἀκυλόν
810 1774 851 1798 ·-·-
867 1741 1028 1829 αἰδοῖονῗ)
1044 1744 1221 1821 λεγομένην

56 1856 115 1919 147
139 1855 158 1919 δ
181 1855 290 1934 κάριοε
313 1852 391 1917 αὔοι
415 1851 495 1917 adeo
520 1856 595 1916 sunt
620 1856 774 1937 corrupta
798 1854 831 1915 et
849 1854 1024 1935 contracta,
1047 1842 1102 1914 vix
1126 1871 1162 1914 ac
1180 1871 1221 1913 ne

55 1963 107 2025 vix
129 1962 257 2046 quidem
280 1964 318 2025 ut
344 1960 471 2044 possint
493 1957 685 2044 intellegi.²)
730 1958 855 2023 Deinde
883 1959 987 2022 altera
1014 1957 1071 2021 illa
1101 1957 1222 2042 digres-

57 2068 141 2134 sione
169 2091 233 2154 qua
262 2067 435 2151 proverbia
462 2066 621 2133 δυάζοντα
651 2067 786 2130 tractari
814 2060 953 2130 vidimus
981 2064 1033 2129 his
1063 2064 1222 2147 excerptis

58 2177 175 2241 inserte
209 2174 397 2257 148-154,
435 2173 476 2237 ad
507 2173 713 2257 propositum
747 2172 881 2237 revertit
911 2170 1222 2257 paroemiogruphus

62 2282 121 2347 155
145 2280 192 2369 (ΙΙ
213 2279 278 2368 15).
315 2280 378 2345 Est
396 2279 483 2346 enim
505 2279 569 2346 155
587 2279 816 2363 Aristophanis
835 2278 875 2345 fr.
893 2278 958 2345 352
977 2302 1008 2363 p.
1026 2277 1093 2344 485
1111 2278 1151 2343 Κ.
1171 2275 1224 2365 (ex

60 2388 217 2477 Κωκάλῳ),
243 2387 307 2453 156
326 2386 373 2473 (II
395 2387 450 2472 16)
473 2386 590 2467 κράδηι
614 2386 759 2467 ραγείεητ
782 2374 924 2451 trimetri
947 2384 1062 2451 comici
1084 2382 1223 2470 colon,·⁰’)

62 2497 120 2562 158
142 2495 188 2581 (ΙΙ
213 2493 268 2583 ll)
293 2493 354 2561 εἶτ’
376 2492 435 2576 ἐφ’
457 2494 544 2575 ὕδωρ
572 2494 670 2561 κακόν
699 2492 809 2581 (κακός
832 2489 894 2580 Μ)
923 2494 976 2560 ἐπὶ
1003 2495 1069 2559 τῶν
1097 2495 1224 2573 δυεκλη·

61 2606 211 2681 ρούντων·
235 2606 271 2669 ἐν
286 2603 346 2681 γὰρ
365 2607 433 2667 scic
448 2602 655 2681 δικαιτηρίυιε
673 2603 711 2666 τὸ
730 2601 976 2681 φαυλότατον
992 2600 1085 2683 [τῶν]
1101 2597 1224 2680 ἔργων

127 2836 151 2903 1)
169 2832 266 2903 Αἰγίνᾳ
284 2830 397 2897 γείνατο
415 2833 501 2884 παῖδα
519 2830 549 2884 in
568 2830 771 2910 epigrammate
790 2827 893 2899 legitur
912 2827 992 2882 Paus.
1012 2827 1037 2881 V
1056 2831 1099 2896 25,
1118 2832 1142 2881 8.

126 2924 151 2992 2)
168 2922 249 2976 Prius
272 2921 345 2975 illud
370 2919 402 2973 in
428 2920 594 2975 memoriam
621 2922 736 2974 revocat
759 2918 874 2987 Lysistr.
899 2924 951 2973 270
978 2917 1094 2985 codrus
1119 2917 1224 2983 δέτὴν

65 3012 192 3081 Λύκωνος,
211 3010 261 3065 ubi
279 3009 378 3065 scholl.
396 3027 424 3079 p.
444 3014 494 3080 2δὶ
514 3012 568 3076 τήν
588 3009 701 3063 Ῥοδίαν
719 3010 793 3074 λέγει
812 3009 887 3062 οὕτω
907 3008 1080 3073 καλουμένην
1100 3049 1106 3061 .
1126 3048 1132 3060 .
1153 3046 1159 3059 .
1178 3006 1226 3059 ἐπ’

66 3099 171 3169 οἰτχροῑε
189 3099 428 3170 κωμῳδουμένηνι
449 3115 519 3168 quse
534 3097 559 3152 si
571 3098 601 3152 in
615 3098 768 3168 archetypo
784 3096 889 3167 scripta
904 3098 984 3152 erant
1001 3098 1020 3150 d
1038 3099 1084 3165 (=
1098 3096 1226 3165 πρώτην)

65 3193 117 3257 την
134 3192 292 3245 Λύκωνα(
311 3232 316 3243 .
338 3232 344 3243 .
363 3229 369 3240 .
390 3189 467 3242 οὕτω
486 3189 673 3255 λεγομένην
691 3191 749 3242 κτλ.
769 3187 847 3242 vides
867 3203 952 3255 quam
966 3185 1049 3240 facile
1064 3184 1100 3237 ab
1115 3200 1226 3253 excerp-

66 3279 117 3334 tore
135 3280 268 3334 lemmate
287 3277 385 3348 inepto
404 3276 527 3332 coerceri
544 3277 696 3347 potuerint.
729 3276 905 3346 Quamquam
920 3275 1095 3330 coniecturae
1110 3273 1135 3327 si
1148 3273 1226 3328 locus

68 3372 111 3435 est,
128 3369 219 3423 lenius
236 3368 357 3423 fortasse
377 3366 575 3432 Ἀγκυλίωνος
590 3366 717 3436 corriges
740 3382 791 3420 nec
811 3365 870 3420 sinc
893 3365 1021 3420 veritatis
1039 3363 1142 3435 species
1161 3380 1226 3418 nam

66 3457 94 3511 de
108 3457 260 3527 Ancylione
279 3455 432 3525 Didymum
446 3456 605 3525 exposuisse
624 3454 757 3510 docemur
775 3454 860 3509 schol.
876 3454 1017 3524 Aristoph.
1033 3452 1137 3524 Vespp.
1160 3458 1227 3507 1178

67 3546 105 3614 (cf.
129 3549 209 3616 1391)
229 3547 364 3612 Δίδυμοε·
393 3547 410 3599 δ
435 3545 598 3613 Καρδοπίων
616 3547 759 3612 ζητητέοε.
780 3546 905 3612 οὐδαμοῦ
925 3547 1145 3614 κωμῳδεῖται.
1170 3545 1228 3598 ἀλλ’

67 3634 216 3703 Ἀγκυλίων,
235 3635 279 3688 ἐπὶ
297 3636 339 3703 τῳ
357 3637 420 3701 τήν
445 3635 573 3702 μητέρα
590 3631 725 3706 <κακιίιε>
745 3635 894 3710 διατιθέναι
914 3631 1093 3702 (ο1.Μοίιιε1τ.
1110 3633 1227 3687 comfr.

67 3722 120 3792 lp.
138 3727 209 3789 359).
245 3723 284 3777 'ln
307 3722 396 3777 altero
420 3722 553 3777 lemmate
579 3726 654 3776 certe
681 3739 738 3777 non
761 3723 833 3777 latet
855 3722 959 3776 Millcri
982 3724 998 3776 ὁ
1022 3722 1120 3789 Κάριοι
1142 3723 1228 3789 uiroc,

67 3812 131 3879 quod
148 3813 196 3867 rix
220 3807 420 3866 numerandum
446 3813 489 3865 est
511 3811 584 3864 inter
608 3811 774 3880 proverbia3
803 3811 913 3866 conlcto
940 3827 1021 3866 versu
1047 3809 1229 3865 antemdente

68 3901 185 3955 δοῦλον
204 3903 257 3955 οὐκ
275 3901 336 3966 ἄγω
355 3903 412 3954 κτλ.
432 3900 448 3952 ὁ
468 3900 565 3968 Κάριοε
589 3903 712 3955 δοῦλοε
731 3899 777 3971 (de
802 3899 888 3955 servis
907 3899 1011 3962 Calicis
1034 3899 1068 3954 cf.
1088 3901 1109 3954 P
1128 3899 1167 3953 IV
1185 3905 1228 3967 23,

70 4006 125 4059 ιιρρ.
140 4009 180 4060 pr.
195 3990 222 4044 II
236 3995 271 4044 60
285 4007 349 4043 cum
367 3989 441 4043 notis
455 3990 485 4043 et
498 3989 638 4059 Aristoph.
648 3989 721 4044 Plut.
735 3989 851 4060 hypoth.
862 3988 899 4058 V)
913 3989 1041 4044 conicere
1054 3988 1157 4058 possis:
1176 3987 1230 4042 nisi
1256 4005 1259 4008 ·

71 4077 157 4134 subest
173 4080 251 4135 Iocus
270 4094 285 4132 e
303 4079 387 4132 Pluto
405 4077 615 4146 Aristophanis,
638 4077 688 4131 ubi
707 4076 789 4134 Cario
806 4077 837 4132 in
860 4093 990 4132 scaenam
1013 4077 1108 4148 prodit
1126 4093 1228 4132 servus.

71 4165 137 4228 Quae
150 4169 174 4223 si
188 4165 354 4222 certioribus
369 4166 542 4235 argumentis
553 4166 729 4236 comprobari
740 4168 862 4237 possent,
876 4169 970 4222 scriem
984 4166 1101 4220 haberes
1111 4167 1230 4222 locorum

71 4254 267 4338 Aristophanis2
282 4255 328 4310 cui
347 4255 433 4310 etiam
454 4259 593 4311 155-158
612 4256 819 4312 vindicaverim.

132 4349 157 4414 3)
175 4346 207 4400 ln
232 4345 406 4400 enarratione
431 4360 483 4414 pro
507 4353 649 4413 τραγικαῖς
671 4353 781 4413 ικηναϊε
800 4346 914 4400 Polluce
938 4344 1049 4399 conlato
1073 4350 1231 4410 κωμικαῑ(

75 4432 255 4504 corrigendum
274 4450 335 4488 esse
354 4435 480 4503 apparet.
519 4433 559 4489 Cf.
579 4418 678 4489 Rohde
698 4434 745 4488 ‘de
765 4433 890 4489 Pollucis
908 4431 1043 4489 fontibus'
1064 4451 1090 4502 p.
1111 4437 1153 4486 64.
