2925 5050
748 274 964 372 ...50-

268 434 382 500 tritum
408 439 503 519 atque
528 435 725 500 celebratum
745 441 810 519 est,
837 435 987 521 quamsi
1015 433 1087 519 quis
1110 431 1292 516 despicatui
1316 431 1437 496 ducitur,

268 546 305 606 ut
327 541 494 626 Mysorum
518 542 652 608 ultimus
676 564 749 608 esse
771 541 918 608 dicatur?

356 648 456 714 Plane
471 649 581 714 eadem
596 650 722 715 ratione
731 648 890 732 Didymus
900 648 935 712 M
949 648 1019 714 145
1033 648 1132 713 πάλαι
1146 645 1309 727 ποτ’ἠιαν
1319 645 1428 723 ἄλκιμοι

270 758 415 836 Μιλήτιοι
434 788 476 810 =
495 757 521 820 P
541 757 571 822 V
592 758 634 824 80
654 764 687 824 et
704 757 740 822 M
757 757 772 821 I
792 758 836 822 46
859 758 897 821 τὸ
916 759 1087 822 Θετταλῶν
1110 755 1246 836 (όφιιμα
1266 787 1310 808 =
1330 754 1358 816 B
1376 754 1428 817 889

270 863 421 946 volgatas
445 866 623 930 sententias
646 865 814 948 refutavit3
837 865 1036 930 testimoniis
1059 863 1145 928 enim
1169 867 1341 947 poetarum
1360 860 1430 924 anti·

271 993 406 1055 quorum
424 972 598 1055 prudenter
613 994 690 1038 usus
709 972 892 1037 luculenter
906 972 1150 1055 demonstravit,
1167 971 1342 1055 proverbia
1354 974 1430 1033 vetu-

271 1077 374 1142 stiora
396 1101 466 1144 esse
491 1102 588 1164 quam
606 1080 755 1144 homines
778 1080 830 1144 vel
855 1102 906 1144 res
925 1083 1045 1165 gestas,
1069 1079 1154 1143 unde
1176 1081 1396 1162 repeterentur
1415 1097 1429 1137 a

269 1186 577 1272 paroemiographis.
624 1187 716 1263 Quod
740 1208 813 1252 cnm
836 1209 921 1252 nunc
951 1187 1081 1271 quidem
1101 1207 1205 1271 neque
1231 1187 1265 1249 in
1287 1184 1325 1248 M
1348 1204 1430 1264 expo-

268 1294 364 1356 natur
387 1292 516 1356 disertis
539 1293 645 1358 verbis
668 1315 771 1378 neque
800 1295 834 1360 in
858 1294 936 1378 PB,
965 1294 1059 1359 facile
1086 1298 1195 1358 autem
1219 1315 1257 1356 ex
1280 1295 1355 1356 tota
1376 1287 1429 1352 loci

270 1398 456 1464 condicione
475 1401 664 1483 suppleatur
679 1398 732 1487 (cf.
743 1401 828 1466 infra
842 1426 872 1486 p.
885 1398 952 1488 72),
966 1402 1000 1466 in
1014 1402 1088 1485 ipso
1102 1402 1272 1465 ambarum
1286 1398 1429 1463 classium

270 1503 445 1589 archetypo
476 1506 593 1572 iterum
623 1509 723 1573 hebes
752 1509 950 1592 excerptoris
979 1509 1145 1595 ingenium
1173 1503 1429 1592 deprehendimus

270 1610 391 1676 divitiis
415 1614 555 1698 acceptis
577 1615 663 1679 haud
682 1619 769 1681 recte
790 1617 921 1681 utentis.

358 1715 502 1803 Denique
526 1723 705 1787 sententiae
729 1721 907 1806 Didymeae
929 1745 990 1788 nec
1014 1723 1087 1788 vola
1106 1726 1243 1807 apparet
1265 1742 1324 1785 nec
1343 1719 1429 1783 vesti-

270 1822 358 1906 gium
386 1825 420 1889 in
447 1826 518 1892 loco
546 1831 756 1894 vexatissimo
783 1829 818 1893 M
845 1828 861 1892 Ι
887 1831 908 1894 3
940 1830 967 1894 Ρ
993 1830 1024 1895 V
1051 1831 1092 1894 78
1119 1830 1226 1894 πάντα
1253 1827 1353 1907 ὀκτώ,
1382 1823 1429 1885 ubi

272 1931 354 1994 inira
386 1938 569 1998 commenta
605 1936 728 2001 iactant
761 1939 908 2001 auctores
941 1938 974 2001 in
1002 1935 1109 2000 MLP
1141 1936 1295 2020 adlegati,
1303 1930 1328 2019 ¹)
1366 1952 1429 1994 eum

271 2037 384 2101 melius
408 2037 522 2103 Pollux
545 2039 592 2104 IX
615 2043 676 2106 103
705 2043 867 2128 ceterique
894 2065 952 2126 per
975 2042 1166 2107 Suetonium
1194 2041 1236 2106 ad
1262 2038 1428 2123 Didymon

269 2143 442 2208 revocandi
473 2145 557 2228 apud
580 2145 768 2213 Fresenium
791 2150 812 2216 l.
837 2173 862 2216 s.
886 2171 910 2215 s.
933 2173 963 2234 p.
989 2150 1065 2214 105:
1096 2151 1148 2214 καὶ
1177 2152 1237 2228 μὴν
1259 2150 1311 2214 καὶ
1335 2145 1428 2223 (ruri-

271 2231 368 2329 χοροτ
400 2252 544 2318 ἐκαλεῖτό
572 2276 618 2318 τι(
645 2257 732 2336 παρὰ
759 2262 828 2322 τοῖτ
855 2257 1199 2336 ἀττραγαλίῑουειν
1230 2255 1373 2335 ἀριθμὸς,
1400 2254 1429 2315 ὃ(

270 2357 386 2435 ἐδήλου
414 2359 458 2422 τὰ
489 2359 600 2425 ὀκτιύ·
633 2364 690 2428 τὸν
720 2364 782 2442 γὰρ
813 2366 848 2430 ἐν
880 2365 986 2448 Ἱμέρᾳ
1017 2369 1076 2429 τού
1108 2367 1243 2443 ποιητοῦ
1270 2363 1377 2441 τάφον
1402 2360 1428 2421 ἐξ

270 2463 354 2528 ὀκτὼ
386 2463 518 2531 πάντων
549 2471 739 2536 ευντεθέντα
770 2473 978 2550 πεποιηκέναι
1011 2473 1070 2551 τὴν
1097 2469 1208 2535 πάντ’
1236 2470 1333 2535 ὀκτώ
1363 2460 1428 2547 φατι

271 2570 483 2654 παροιμίαν.2)
528 2574 617 2639 Idem
641 2578 758 2643 accidit
781 2577 815 2641 M
837 2578 910 2643 139
933 2578 960 2642 P
983 2578 1072 2643 vlo
1094 2576 1123 2640 B
1144 2579 1208 2643 738
1231 2577 1290 2641 dcc
1309 2580 1379 2641 Μύτ
1399 2575 1428 2636 ἑν

269 2675 409 2762 Πίειῃ,3)
424 2678 457 2742 Μ
471 2678 557 2744 1124
571 2681 597 2745 Ρ
612 2681 695 2748 Vos
710 2684 816 2749 πάντα
830 2686 920 2751 λίθον
935 2686 1012 2751 κίνει
1028 2683 1138 2773 (Phot.
1148 2708 1178 2769 p.
1188 2685 1245 2750 52:
1259 2683 1299 2750 cf.
1313 2706 1384 2766 app.
1396 2680 1427 2764 Ι).

270 2783 359 2859 Quae
383 2789 416 2850 et
437 2785 510 2869 ipsa
532 2788 597 2853 iam
620 2790 654 2853 in
677 2792 854 2876 archetypo
877 2794 993 2857 mutila
1015 2793 1167 2858 videntur
1189 2792 1296 2857 fuisse.

354 2926 425 2993 Hoc
456 2930 754 3014 frequentissimum
786 2940 836 3001 est
868 2956 968 3019 genus
1005 2935 1149 3000 locorum
1181 2937 1425 3000 contractorum:

270 3032 327 3098 ubi
351 3034 383 3098 id
410 3035 558 3101 universe
587 3037 789 3124 observabis,
822 3042 1080 3108 narratiunculas
1103 3037 1425 3109 DemonisAristidis

343 3230 369 3296 1)
388 3227 428 3283 Cf.
449 3228 539 3283 Hiller
557 3228 697 3285 Eratosth.
715 3251 743 3302 p.
759 3238 792 3287 52
807 3252 857 3303 κιρ,
874 3235 969 3290 Flach.
991 3236 1101 3291 ‘Gesch
1119 3237 1144 3290 d.
1160 3253 1200 3305 gr.
1215 3234 1313 3303 Lyrilr'
1333 3251 1361 3302 p·
1375 3234 1425 3283 332·

345 3320 372 3386 2)
392 3317 477 3371 Secus
496 3317 632 3374 iudicavit
649 3319 740 3377 Hiller
757 3324 897 3378 Eratosth.
916 3324 949 3378 fr.
969 3325 1047 3379 XVII
1065 3344 1091 3395 p.
1111 3330 1155 3393 53,
1174 3324 1218 3379 cni
1237 3323 1357 3377 maxime
1374 3335 1427 3389 pro·

271 3405 354 3459 batur
372 3406 522 3475 explicatio
546 3408 789 3466 adsertaminum
808 3411 1035 3483 Olympiacorum
1057 3432 1161 3486 genera
1182 3414 1334 3484 pertinens.
1368 3406 1427 3464 Mihi

271 3511 288 3547 a
310 3493 431 3547 talorum
454 3495 521 3551 ludo
548 3498 727 3567 proverbium
756 3502 891 3571 originem
915 3503 1025 3560 duxisse
1054 3504 1165 3559 videtur
1188 3504 1234 3572 (ci.
1258 3503 1361 3557 similia
1385 3497 1427 3551 illa

270 3580 430 3649 ἀνερρίφθω
449 3584 543 3652 κύβοι,
567 3587 608 3639 ἀεὶ
627 3589 679 3655 γὰρ
704 3590 734 3642 εὖ
752 3590 895 3645 πίπτουειν
919 3593 945 3647 οἱ
964 3595 1032 3647 Διὸ(
1050 3596 1140 3662 κύβοι,
1164 3597 1182 3661 ἢ
1202 3597 1261 3661 τρὶ(
1279 3594 1343 3660 eru
1366 3594 1427 3657 τρεῖ(

271 3672 356 3737 κύβοι,
378 3671 453 3739 Κῷοι
470 3672 540 3739 πρὸ(
553 3674 626 3743 Χῖον,
646 3676 708 3731 Χῑοτ
726 3683 867 3747 παραττὰ(
884 3687 951 3751 κτλ,
970 3683 1060 3737 Μίδαι
1075 3684 1104 3737 ἐν
1118 3685 1211 3748 κύβοι(
1225 3680 1425 3748 εύβολώτατούι

270 3762 301 3812 ut
320 3762 428 3827 spectet
448 3761 573 3815 ‘adrem
591 3780 663 3832 quae
677 3766 750 3821 forte
764 3768 876 3823 fortuna
889 3770 961 3825 bene
976 3772 1070 3826 eadat'
1091 3773 1229 3841 (Eram).
1262 3772 1426 3837 Quamquam

270 3864 319 3903 cur
343 3846 516 3904 Stesichorus
544 3854 704 3922 appellatus
730 3856 768 3910 sit
789 3857 880 3913 iactus
906 3860 970 3930 ille,
997 3862 1046 3929 qui
1069 3861 1143 3916 effici
1167 3879 1224 3916 non
1250 3860 1361 3930 poterat
1381 3853 1425 3909 nisi

274 3937 388 3992 ‘unione
412 3941 440 3993 et
461 3940 588 3994 tennione
611 3943 770 4023 geminatis'
796 3947 897 4015 (Klein.
917 3947 1069 4005 Stesichori
1088 3949 1121 4006 fr.
1140 3969 1167 4020 p.
1187 3952 1245 4020 28),
1270 3949 1345 4003 haud
1366 3941 1424 4000 satis

257 4026 373 4095 'liquet;
392 4042 456 4081 nam
477 4028 523 4083 vix
540 4031 699 4100 probabilia
718 4037 784 4090 sunt
801 4053 873 4104 qaae
888 4054 972 4107 snpra
985 4038 1210 4108 transcripsimus
1224 4041 1349 4091 veterum
1364 4050 1423 4089 con-

268 4119 365 4172 menta
382 4121 433 4173 aut
450 4119 634 4175 recentiorum
654 4140 751 4193 nuper
761 4126 917 4195 composita
935 4130 964 4181 et
981 4128 1103 4183 refutata
1116 4145 1134 4182 a
1147 4128 1265 4182 Plachio
1285 4124 1389 4181 ‘Gesch
1402 4121 1423 4173 d.

269 4225 310 4277 gr.
325 4206 420 4277 Lyrilr'
436 4226 463 4277 p.
480 4214 531 4261 332
546 4226 586 4277 sq.
615 4208 668 4273 Qui
683 4228 763 4267 snam
774 4214 862 4284 ipsius
879 4215 1039 4285 opinionem
1053 4235 1117 4271 cum
1128 4219 1254 4272 veterum
1268 4210 1421 4270 testimoniis

270 4295 360 4365 (Dion.
380 4296 469 4352 Halic.
489 4298 524 4351 de
543 4315 632 4368 comp.
651 4303 727 4355 verb.
746 4302 820 4371 XIX)
839 4307 1013 4373 pugnantem
1031 4322 1128 4360 vereor
1142 4307 1174 4360 ut
1187 4306 1317 4374 cuiquam
1330 4301 1422 4373 probet

341 4388 367 4455 3)
386 4386 485 4442 Melius
504 4387 527 4440 B
547 4393 611 4443 194:
635 4390 684 4442 sed
702 4391 772 4446 haec
790 4392 903 4447 aliunde
921 4394 1044 4462 repetita
1062 4411 1122 4449 esse
1140 4395 1213 4450 infra
1231 4392 1389 4449 videbimus.
