2925 5050
729 316 944 379 „34-

339 474 517 538 Artissims
545 475 784 540 necessitudine
816 475 988 540 coniuncta
1019 497 1090 539 esse
1122 475 1265 550 codicem
1298 472 1407 538 Scoria·

248 582 373 645 lensem
403 585 435 644 et
463 579 602 645 Aldinae
632 582 844 666 archetypon,
876 581 992 645 menda
1021 585 1135 665 aperta
1162 582 1310 666 miraque
1336 582 1409 645 evin·

247 693 325 752 cunt
350 688 396 752 eis
420 688 613 772 communia,
637 689 747 772 qualia
770 691 848 752 sunt
870 689 1069 754 πάττοιλον
1092 687 1183 756 SGr.
1206 690 1244 752 11
1270 686 1317 772 (v.
1340 686 1409 773 not.)

247 826 289 848 ==
307 796 379 859 Ald.
398 796 456 864 col.
472 797 491 860 8
511 818 570 879 pro
590 795 771 878 πάτταλον;
799 795 908 860 ditior
927 818 985 878 pro
1005 795 1102 861 ὠτίον
1120 793 1208 860 ser.
1232 797 1277 860 24
1292 825 1335 848 ---
1348 794 1408 859 nu

246 903 307 967 col.
329 904 384 988 70,
414 903 453 966 τὰ
476 901 714 981 ὔπιυτεχθέντα
743 899 765 966 8
789 902 834 966 30
853 932 895 954 -=
914 903 955 966 τὰ
976 902 1059 966 dum
1085 904 1240 982 τεχθέντα
1263 901 1339 967 Ald.
1359 902 1408 966 ccl.

248 1010 302 1092 143
331 1009 597 1074 δυεαπολίπτοιε
617 1005 639 1072 8
658 1007 701 1072 33
718 1039 760 1060 =
775 1007 995 1091 Ald2001.16;
1023 1009 1314 1092 παρειενοεελαίῳ
1332 1007 1409 1089 880,

244 1117 340 1194 παρεὶ
364 1117 576 1200 ἐνοετελαίῳ
599 1115 673 1180 Ald.
698 1115 759 1180 eol.
782 1115 844 1180 142
863 1120 1088 1199 ρηοπαρεῖεν,
1118 1116 1268 1199 ετελαίιμ;
1294 1114 1410 1179 deciri

244 1241 317 1287 τινα
345 1245 405 1307 pro
435 1222 566 1288 ἀκοῡεαί
594 1242 665 1288 τινα
685 1219 715 1284 'S
745 1223 786 1286 81
813 1241 853 1274 -⁴-·
878 1221 951 1286 Ald.
979 1220 1039 1286 col.
1072 1222 1146 1305 1433
1183 1223 1252 1287 τὸν
1280 1225 1409 1300 γέννημα

243 1333 310 1394 τῶν
335 1327 356 1393 8
380 1330 424 1394 90
445 1361 485 1384 =
504 1331 575 1395 τὸν
602 1328 813 1408 γεννημάτων
841 1329 914 1393 Ald
942 1330 1004 1394 col.
1034 1329 1096 1394 155
1123 1351 1183 1413 pro
1211 1334 1279 1396 τῶν
1308 1351 1408 1407 γεννη-

243 1436 362 1515 μάτων.
371 1435 395 1520 1)
441 1435 504 1501 Sed
524 1437 697 1521 quominus
722 1436 863 1500 alterum
886 1436 928 1501 ab
952 1436 1056 1499 altero
1081 1435 1219 1520 pendere
1241 1437 1409 1516 credamus,

238 1543 479 1627 'discrepantiae
502 1545 678 1628 prohibent
702 1543 754 1607 vel
777 1543 812 1606 in
834 1542 986 1607 tenuibus
1009 1543 1077 1606 illis
1100 1542 1235 1607 Grauxii
1258 1543 1407 1627 excerptis

141 1700 144 1706 .
243 1649 323 1713 sotis
354 1650 548 1734 frequentes.
595 1651 838 1734 Nonnunquam
868 1655 944 1714 utra
974 1650 1081 1715 verior
1115 1649 1160 1713 sit
1192 1649 1292 1715 lectio
1322 1671 1407 1735 aegre

243 1756 456 1842 disceptabis,
483 1781 512 1824 v.
540 1781 566 1823 c.
596 1756 617 1823 S
644 1760 660 1822 1
687 1758 992 1837 (αμοαναπάλλου,
1021 1757 1095 1821 Ald.
1124 1758 1183 1822 col.
1208 1757 1228 1820 3
1260 1762 1406 1838 εαρδανα-

241 1865 378 1949 πάλους
407 1863 429 1929 S
454 1867 472 1929 7
497 1867 559 1930 καὶ
583 1863 703 1944 ἄλλωε,
731 1863 805 1928 Ald.
829 1865 889 1928 col.
912 1865 934 1927 4
956 1866 975 1944 ἢ
1000 1860 1152 1948 ἄλλωε”);
1182 1861 1270 1928 831
1296 1866 1404 1929 ἐπεκο-

239 1973 370 2050 μίεαντο
395 1972 483 2056 (cum
502 1968 560 2058 M),
589 1971 663 2036 Ald.
687 1972 747 2036 col.
774 1972 815 2035 14
838 1971 1095 2050 μετεκομίεαντο
1119 1967 1207 2054 (cum
1220 1969 1305 2056 L).³)
1342 1971 1406 2033 Per-

240 2100 314 2142 raro
338 2100 442 2163 neque
470 2078 536 2143 nisi
558 2079 593 2142 in
615 2079 712 2143 rebus
737 2077 912 2143 levissimis
938 2077 1059 2142 Aldina
1088 2099 1105 2141 e
1129 2074 1327 2142 Seorialensi
1349 2099 1406 2142 ccr-

239 2185 367 2269 rigitur,
390 2187 481 2250 velut
504 2186 539 2249 in
562 2189 712 2251 accentus
735 2185 824 2249 notis
848 2185 1048 2269 apponendis
1072 2181 1110 2271 (S
1132 2185 1148 2247 1
1171 2186 1189 2248 7
1210 2185 1251 2249 31
1273 2187 1332 2269 31,
1359 2182 1406 2246 ubi
1449 2239 1451 2244 .

240 2290 312 2354 Ald.
343 2292 505 2356 consentit
536 2315 609 2357 oum
642 2291 744 2357 Athoi
774 2289 903 2376 ἱμὰει),
938 2291 1073 2356 vocibus
1110 2294 1197 2354 recte
1223 2289 1405 2356 ’scribendis

238 2394 540 2483 (ἐζογμαφημένων
567 2399 642 2464 Ald.
671 2399 730 2464 col.
754 2399 813 2482 29,
840 2400 966 2477 ἐζωγμ,
990 2395 1012 2461 S
1036 2398 1093 2481 44,
1121 2396 1164 2462 δι’
1186 2397 1314 2463 οἴκτων
1341 2396 1405 2460 Ald

208 2570 211 2574 .
237 2505 297 2570 col.
314 2507 343 2588 2,
366 2504 485 2571 οἶκτον
504 2504 576 2589 83)
599 2505 871 2573 terminationum
890 2504 983 2591 siglis
1008 2505 1170 2570 solvendis
1194 2502 1263 2592 (ἐπὶ
1282 2505 1405 2584 δώματα

237 2611 311 2675 Α1ι1.
335 2613 395 2677 col.
422 2615 472 2697 14,
495 2616 625 2693 δώματι
650 2612 744 2697 830,
768 2618 885 2680 θᾶττον
909 2613 1113 2699 romoald.
1137 2613 1198 2679 col.
1221 2613 1274 2695 29,
1301 2613 1404 2689 λόγον

239 2719 260 2783 8
279 2720 353 2803 44),
376 2720 427 2785 bis
451 2725 581 2785 tantum
604 2723 706 2787 verba
730 2722 889 2805 quaedam
911 2720 1035 2784 nullius
1057 2719 1155 2804 pretii
1177 2720 1211 2783 in
1235 2717 1257 2783 S
1281 2722 1404 2783 servata

237 2826 462 2895 desiderantur
490 2828 524 2892 in
549 2829 681 2893 Aldina:
710 2826 795 2893 852
816 2858 857 2880 =
878 2826 964 2891 Suid.
988 2849 1013 2892 s.
1036 2849 1066 2892 v.
1096 2825 1190 2907 βάλλ’
1212 2827 1246 2891 ἑε
1274 2827 1404 2906 κόρακα(

236 2933 325 3019 (Ald.
350 2936 410 3000 col.
434 2936 477 2999 52
507 2957 568 2999 om.
592 2958 643 3000 vv.
671 2937 722 3000 καὶ
750 2938 784 2998 et
811 2934 876 2998 ἀπὸ
903 2934 1041 3012 ἱετομίαε
1069 2935 1105 2998 ἐν
1132 2938 1202 2998 ταῖε
1229 2933 1403 3012 παροιμίαι(

235 3038 403 3127 κειμένηε),
428 3038 449 3104 8
470 3042 509 3106 81
536 3042 644 3106 πολλὰ
662 3044 779 3120 μεταξὺ
802 3034 893 3106 πέλει
911 3044 976 3105 κτλ.
1002 3039 1127 3124 (versus
1151 3041 1290 3104 alterum
1316 3040 1403 3103 colon
1447 3097 1448 3138 ,

233 3149 415 3231 posteriore
448 3150 519 3214 loco
556 3148 772 3233 supprimitur
802 3147 877 3213 Ald.
907 3147 966 3212 col.
1000 3146 1086 3232 143).
1132 3146 1300 3211 Interdum
1333 3168 1403 3212 vera
1447 3141 1448 3160 ³

236 3254 397 3339 scriptura
421 3256 514 3340 qussi
537 3256 572 3320 in
596 3256 702 3321 medio
726 3259 777 3320 est
800 3256 918 3340 posita,
941 3255 1031 3320 velut
1054 3251 1137 3319 839
1161 3255 1239 3335 φατὶ
1259 3257 1312 3334 δὲ,
1336 3253 1402 3318 Ald.

306 3469 332 3535 1)
351 3467 408 3521 Alii
426 3468 490 3536 loci,
508 3469 538 3523 in
557 3468 657 3537 quibus
676 3468 804 3523 codicum
820 3467 838 3521 S
854 3469 883 3521 et
897 3467 958 3520 Ald.
979 3464 1168 3521 memorabilis
1187 3469 1231 3520 est
1248 3481 1401 3529 consensus,

233 3555 264 3609 hi
288 3557 365 3610 sunt:
394 3555 502 3610 S⁷=
522 3556 582 3610 Ald.
612 3558 663 3611 ccl.
692 3562 710 3609 4
738 3558 884 3625 (notarat
908 3557 1058 3623 Ἀθήναιε),
1087 3556 1105 3609 8
1127 3560 1158 3608 10
1178 3580 1211 3599 =
1230 3554 1294 3607 Ald.
1319 3554 1400 3609 ccl.4
1446 3555 1447 3604 ἒ

233 3646 358 3713 (νόμοι),
390 3644 463 3699 820
481 3671 514 3691 =
534 3646 597 3701 Ald.
618 3645 669 3700 col.
689 3652 705 3699 9
729 3646 881 3713 (ἄμεινον),
911 3644 981 3697 821
1003 3645 1168 3712 (Ἀζαναῖα),
1197 3642 1269 3697 823
1289 3668 1324 3689 =
1342 3642 1399 3697 Ald.
1446 3643 1447 3650 ’

233 3741 266 3789 10
285 3734 421 3804 (τοῦτον),
441 3736 459 3787 8
478 3740 513 3788 24
533 3760 566 3780 =
585 3733 648 3789 Ald.
671 3740 703 3789 10
723 3737 751 3803 (ἤ
771 3734 869 3802 deest),
888 3732 960 3789 S'36
979 3760 1013 3779 =
1033 3732 1095 3786 Ald.
1115 3739 1148 3787 19
1168 3732 1255 3801 (οὕτω
1273 3750 1325 3802 pro
1343 3734 1400 3786 τού-

231 3826 292 3893 τῳ),
313 3822 331 3875 8
351 3830 386 3877 44
405 3846 439 3866 =
459 3823 522 3877 Ald.
542 3829 576 3877 29
596 3824 633 3893 (οἱ
652 3825 728 3892 om),
747 3822 766 3876 S
786 3829 819 3877 63
839 3848 873 3869 =
892 3822 955 3876 Ald.
975 3823 1063 3891 (φορά
1080 3837 1132 3891 pro
1151 3823 1255 3891 ψώρα),
1273 3820 1292 3874 8
1307 3828 1342 3876 66
1360 3822 1400 3890 (οὐ

231 3913 314 3982 add),
333 3911 351 3966 S
371 3917 404 3967 88
425 3938 458 3957 =
476 3910 539 3965 Ald.
560 3918 611 3967 152
632 3916 723 3981 (χᾶναι
741 3929 792 3981 pro
812 3913 924 3981 χανεῖν).

303 4003 330 4072 2)
350 4002 481 4056 Fortasse
496 4005 540 4055 καὶ
551 4001 764 4072 praeferendum
774 4003 829 4068 est3
848 4016 913 4054 nem
927 4004 945 4068 ἢ
960 4000 1032 4054 illud
1046 4018 1109 4055 cum
1123 4000 1207 4054 huius
1221 3998 1399 4055 conlectionis

230 4090 428 4146 consuetudine
451 4090 562 4145 dicendi
586 4090 676 4144 minus
700 4091 771 4145 ben'e
797 4090 929 4145 convenit
953 4092 1037 4158 atquc
1060 4106 1095 4143 ex
1118 4089 1231 4144 litterae
1249 4108 1265 4143 κ
1284 4093 1330 4160 (=
1348 4089 1398 4154 καὶ)

226 4182 342 4251 volgata
360 4180 450 4233 sonna
470 4182 487 4231 u
506 4178 640 4233 facillime
660 4177 726 4233 oriri
746 4176 847 4247 potuit.

300 4270 327 4335 3)
345 4268 492 4323 Miraberis
517 4266 686 4337 singularem
710 4268 839 4322 codicum
863 4266 917 4321 SM
941 4269 971 4320 et
988 4265 1080 4320 Aldu
1098 4283 1263 4322 eonsensum
1287 4269 1397 4337 quiunt

229 4358 307 4413 casui
327 4357 488 4411 tribuendus
503 4360 546 4412 est
561 4360 610 4412 eut
623 4374 656 4413 eo
672 4358 862 4427 explicandus,
881 4357 961 4423 quod·
970 4358 999 4410 in
1014 4357 1167 4427 archetypo
1181 4358 1253 4412 duae
1267 4360 1396 4413 lectiones
1444 4421 1445 4424 ¹

227 4447 395 4501 ferebantur.
