2925 5050
715 318 930 382 ..14-

238 499 333 560 quem
360 499 427 542 non
457 477 635 542 audiendus
663 478 847 542 Lobeckius
869 475 1034 564 Aglaoph.
1057 502 1088 562 p.
1113 478 1155 542 27
1178 480 1245 542 not.
1270 474 1317 563 e);
1352 473 1411 539 sub

235 605 328 667 pror.
352 584 392 648 13
415 583 450 648 in
474 583 622 649 Parisino
647 582 694 649 IV
709 585 753 648 92
776 609 806 670 p.
828 585 891 650 112
915 584 962 649 ed.
985 583 1074 649 Gott.
1098 583 1278 649 Ptolemaei
1300 581 1411 646 Philo-

236 689 362 774 patoris
386 691 508 756 mentio
533 693 570 755 fit
594 689 647 776 (cf.
671 714 762 776 prov.
782 692 826 756 20
845 686 918 776 25);
942 712 1024 774 quae
1047 711 1138 774 prov.
1162 692 1222 754 34
1246 690 1284 755 de
1303 689 1410 754 Mace-

237 796 358 862 donum
386 798 551 862 mensibus
580 801 614 862 et
640 796 828 862 Alexandro
856 796 977 884 Magno
1006 800 1183 862 narrantur
1208 820 1276 862 non
1303 797 1410 860 minus

237 902 279 967 ad
297 902 537 970 Alexandrinos
561 906 735 990 pertinent,
759 905 814 988 qui
832 927 850 968 e
868 903 1100 970 Macedonibus
1123 904 1269 988 plerique
1293 903 1361 982 orti
1380 908 1410 966 et

237 1009 334 1074 fastis
353 1009 569 1076 Macedonicis
593 1011 770 1076 utebantur
795 1009 912 1096 (Usser
935 1011 973 1076 de
997 1033 1082 1076 anno
1101 1009 1223 1076 Maced.
1237 1011 1303 1094 p.9
1323 1013 1409 1090 [cum

238 1113 376 1182 Seldeno
401 1117 439 1182 de
463 1140 546 1183 anno
570 1117 667 1202 Iud.]‚
695 1117 801 1183 Ideler
829 1116 981 1183 Chronol.
1005 1118 1021 1182 Ι
1044 1118 1162 1202 ρ.·393
1186 1117 1250 1182 39Ἱ
1266 1115 1351 1204 sqq.)
1380 1120 1410 1178 et

237 1223 398 1290 celebrem
422 1223 461 1288 de
484 1224 575 1289 urbis
598 1223 766 1289 conditore
789 1225 934 1290 fabulam
953 1225 1180 1290 Romanensen
1199 1221 1409 1288 Callisthenis

237 1330 368 1394 nomine
401 1330 591 1414 inscriptam
622 1332 786 1396 finxerunt
814 1331 867 1396 vel
896 1331 1007 1396 fictam
1038 1332 1246 1396 excoluerunt
1276 1329 1409 1414 (Muller

239 1435 440 1500 Pseudocall.
458 1437 560 1520 praef.
579 1461 608 1522 p.
629 1435 705 1521 XX,
728 1437 765 1501 n.
784 1436 908 1521 Rhode,
932 1437 991 1523 ‘gn
1005 1435 1145 1502 Roman'
1159 1461 1190 1521 p.
1211 1439 1274 1502 184
1285 1433 1408 1521 sqq.).¹)

238 1541 386 1627 Denique
414 1531 514 1607 etiam
527 1545 530 1552 ’
544 1544 750 1609 narrationes
777 1544 946 1609 fabulosas
974 1544 1137 1609 interdum
1165 1543 1256 1608 facili
1277 1542 1408 1629 negotio

239 1648 280 1714 ad
316 1670 368 1713 res
402 1649 583 1736 Aegyptias
620 1651 816 1736 transferes,
848 1652 939 1717 velut
970 1652 1104 1735 proa‘l
1138 1650 1302 1716 Danaides
1338 1672 1407 1714 cum

238 1755 500 1839 Aegyptiadibus
524 1755 754 1843 coniunctas.²)

328 1862 416 1938 Quae
436 1863 607 1930 coniuncta
625 1887 677 1930 me
696 1868 837 1949 movent,
860 1869 898 1929 ut
920 1864 1058 1947 credam,
1080 1865 1141 1929 has
1163 1863 1318 1949 reliquias
1340 1883 1406 1927 esse

238 1969 486 2052 proverbiorum
509 1970 642 2036 illorum
662 1971 830 2037 Plutarchi
851 1971 921 2036 sive
944 1972 1012 2037 veri
1036 1971 1104 2036 sive
1126 1971 1306 2055 personati,
1329 1991 1407 2054 quae

240 2075 299 2139 sub
319 2075 417 2141 titulo
441 2079 527 2155 περὶ
549 2082 624 2142 τῶν
647 2077 736 2157 παρ’
755 2077 1042 2157 Ἀλεξανδρεῦει
1065 2082 1281 2164 παροιμιῶν
1304 2069 1405 2160 a‘qui-

238 2182 299 2245 bus
323 2187 502 2262 παροιμιῶν
527 2184 629 2265 βιβλία
653 2180 683 2265 β’
708 2182 765 2271 (==
784 2198 851 2250 exc.
869 2181 976 2270 AB‘s)
998 2183 1140 2249 fortasse
1162 2207 1229 2248 non
1252 2179 1405 2265 diversa³)

239 2288 325 2371 apud
349 2287 549 2372 Byzantinos
573 2295 660 2357 certe
683 2291 873 2356 ferebantur
896 2295 982 2356 teste
1001 2291 1294 2374 Pseudo-Lampria
1317 2288 1406 2354 catal.

242 2394 285 2458 55
308 2418 338 2479 p.
362 2395 382 2458 9
407 2400 440 2461 et
466 2397 528 2462 142
552 2421 583 2482 p.
608 2399 648 2463 13
673 2396 799 2483 Treuf)
845 2397 967 2463 Verum
991 2397 1145 2462 iudicium
1167 2401 1319 2461 nostrum
1341 2418 1405 2459 om·
1437 2456 1438 2459 ,

238 2500 316 2565 nino
348 2524 415 2566 non
447 2503 592 2587 positum
625 2508 675 2570 est
703 2505 738 2569 in
770 2504 968 2571 coniectura:
1001 2503 1227 2569 testimonium
1253 2504 1404 2569 habemus

239 2608 533 2675 luculentissimum
556 2611 717 2697 nimisque
737 2613 841 2678 adhue
860 2613 925 2678 vile
943 2613 1105 2678 habitum:
1131 2613 1233 2679 verba
1250 2613 1321 2679 dico
1339 2634 1405 2676 con-

315 2749 339 2816 1)
358 2748 463 2804 Eadem
482 2749 591 2806 ratione
610 2752 646 2806 ad
665 2752 867 2809 Alexandrinos
889 2752 1011 2808 refertur
1029 2753 1104 2822 qnod
1122 2752 1213 2822 primo
1233 2751 1333 2807 obtutu
1351 2768 1402 2804 orn·

240 2836 306 2891 nino
332 2837 454 2893 alienum
478 2839 589 2895 videtur
608 2846 642 2895 24
665 2842 815 2909 Προμέροω
838 2845 919 2898 κύνε(
942 2860 1005 2896 cum
1029 2842 1189 2896 narratione
1213 2840 1248 2895 de
1270 2837 1404 2908 Euripidis

240 2928 340 2981 morte:
362 2926 397 2982 cl.
416 2926 477 2981 vita
495 2926 637 2997 Euripidis
656 2929 668 2981 Ι
687 2946 712 2999 p.
736 2936 767 2985 17
786 2931 863 2999 Ddf.‚
888 2931 936 2986 ubi
954 2932 1078 2986 notanda
1097 2933 1162 2985 ὅθεν
1181 2933 1226 2986 καλ
1243 2934 1261 2997 ἡ
1281 2926 1404 2997 παροιμία
1436 2933 1437 2942 ’

241 3016 296 3068 etri
318 3016 394 3083 παρὰ
418 3023 477 3070 τοῖς
496 3018 677 3085 Μακεδόει,
702 3021 785 3073 κυνὸς
808 3020 896 3088 δίκης
925 3038 1009 3088 quam
1028 3018 1171 3089 proverbii
1188 3019 1306 3074 formam
1325 3017 1402 3071 etiam

240 3105 269 3158 in
288 3105 360 3159 conl.
379 3105 417 3159 IV
436 3106 504 3159 olim
523 3106 611 3161 fuisse
629 3107 733 3161 lemma
751 3109 900 3178 insequens
919 3114 953 3163 25
971 3109 1129 3174 Πτολεμαῖε
1148 3110 1190 3177 [ἡ]
1214 3108 1290 3174 δίκη
1310 3104 1402 3174 arguit·

311 3198 338 3261 2)
359 3194 535 3264 Quamquam
563 3196 639 3251 haud
668 3213 760 3266 pauca
784 3214 856 3265 quae
882 3196 912 3251 in
935 3196 1028 3266 priore
1051 3200 1131 3266 parte
1154 3195 1334 3251 inveniuntur
1355 3207 1402 3260 qua

239 3282 349 3337 ratione
369 3298 402 3339 ex
420 3285 502 3339 rebus
522 3284 700 3354 moribusque
719 3285 971 3339 Alexandrinorum
989 3285 1131 3354 pendeant
1148 3285 1339 3339 demonstrare
1356 3297 1403 3335 non
1435 3351 1436 3354 Ἴ

240 3389 395 3441 possumus.
433 3372 465 3426 In
483 3372 637 3442 posteriore
656 3374 737 3442 parte
756 3392 841 3427 unum
860 3374 1016 3444 rebagatur
1034 3372 1164 3431 ultimum
1182 3372 1255 3426 illud
1272 3373 1309 3426 τὰ
1327 3371 1402 3437 μηδὲν
1435 3395 1436 3402 ι

238 3462 310 3528 πρὸ(
328 3463 473 3516 Διόνωεον.
511 3462 573 3517 Sea
584 3462 693 3520 nobiles
712 3464 776 3517 sunt
789 3462 1040 3518 Alexandrinorum
1054 3461 1114 3516 ludi
1127 3462 1281 3515 theatrales
1300 3460 1401 3529 (Athen.

240 3549 305 3603 XIV
320 3552 382 3619 620)
402 3552 485 3618 atque
501 3551 626 3606 Bacchus
645 3550 719 3606 inter
738 3552 842 3620 primos
861 3553 938 3621 apud
956 3569 1004 3607 eos
1022 3553 1181 3608 colebaturz
1200 3552 1275 3605 unde
1293 3553 1323 3604 et
1339 3547 1401 3617 regis

243 3638 288 3708 (cf.
309 3654 386 3707 prov.
402 3644 436 3691 20
454 3645 506 3693 τοι)
519 3641 586 3695 νέου
601 3643 750 3709 Διονύιου)
769 3642 799 3695 et
816 3640 905 3695 tribus
924 3642 1080 3711 (Διονωείαε
1100 3640 1217 3708 Satyrus
1234 3642 1298 3708 περὶ
1317 3640 1401 3705 δήμων

244 3728 446 3794 Ἀλεξανδρέων
466 3728 541 3797 apud
554 3728 721 3785 Muellerum
734 3728 828 3784 FHG
842 3729 881 3783 III
894 3748 922 3799 p.
939 3732 1001 3799 165)
1016 3745 1178 3799 cognomen.
1212 3727 1308 3783 Facile
1326 3726 1401 3797 igitur
1434 3793 1435 3798 ἵ

244 3832 318 3872 nova
336 3816 649 3889 proverbiiusurpandi
667 3818 740 3874 ratio
753 3817 822 3889 fingi
840 3821 960 3888 poterat,
980 3821 1013 3874 at
1029 3818 1060 3873 in
1077 3836 1155 3889 prov.
1177 3824 1218 3872 13.
1434 3823 1435 3846 l

314 3906 342 3973 3)
361 3903 425 3959 Nisi
443 3905 497 3959 huc
515 3906 657 3975 pertinent
675 3905 843 3963 Boissonadi
861 3906 915 3961 illa
931 3910 994 3975 περὶ
1011 3912 1070 3961 τῶν
1088 3908 1237 3961 ἀδυνάτων
1256 3907 1400 3975 (ἀνονήτων

242 3994 331 4050 Sloth.
352 4013 378 4066 p.
398 4000 432 4051 47
453 4026 488 4035 -
505 4012 573 4050 num
591 3999 789 4064 danabrum?
808 3995 843 4050 cf.
861 3996 911 4051 ΡΙ
926 4002 962 4051 46
980 3996 1005 4047 V
1018 4002 1052 4051 38
1067 3998 1091 4051 Ι)
1106 3996 1131 4050 V
1150 3996 1189 4051 ΠΙ
1206 3999 1253 4065 52)
1268 4022 1301 4041 =
1315 3992 1399 4075 Arsen

240 4084 279 4137 IX
298 4090 333 4139 46
352 4083 398 4155 (cf.
417 4085 549 4140 Leutsch.
569 4084 605 4138 de
624 4086 720 4139 Arsen.
739 4085 780 4138 III
797 4082 853 4139 ind.
873 4084 937 4138 lect.
957 4083 1083 4154 Gotting.
1106 4090 1173 4139 1859
1192 4102 1219 4155 p.
1239 4086 1275 4153 4).

312 4176 340 4243 4)
358 4173 431 4228 Nam
458 4173 551 4243 ipsum
575 4173 721 4229 Seleucum
746 4173 961 4244 grammaticum
984 4172 1193 4227 Aristarcheum
1221 4173 1398 4228 doctissimum
1433 4207 1434 4226 2

242 4264 320 4317 cuius
338 4263 407 4317 item
426 4265 468 4317 est
485 4262 557 4318 liber
574 4266 637 4330 περὶ
654 4269 713 4317 τῶν
732 4266 803 4331 παρ’
822 4264 1025 4329 Ἀλεξανδρεῦα
1042 4267 1197 4329 παροιμιῶν
1215 4261 1246 4315 in
1259 4262 1312 4316 hac
1325 4262 1397 4315 fara·
1433 4241 1434 4322 4

241 4350 306 4419 gine
332 4352 380 4407 vix
402 4368 551 4423 agnosces,
575 4352 625 4407 sed
645 4352 788 4407 hominem
811 4350 995 4407 recentiorem
1019 4350 1115 4420 copias
1137 4352 1174 4406 ab
1196 4350 1248 4406 illo
1270 4350 1342 4405 inter
1356 4364 1396 4417 po-

242 4439 354 4509 pulares
372 4440 514 4497 conlectae
533 4439 704 4510 expilantem
722 4443 753 4495 et
771 4430 946 4496 dilatantem.
