2925 5050
491 291 735 360 .-23-

41 450 126 535 pavit
159 455 293 536 praeter
320 452 528 536 Apostolium
561 450 740 538 (lungblut.
766 476 803 537 p.
835 451 907 539 20),
944 475 1040 538 quem
1071 453 1214 518 codicem

42 557 227 624 adhibuisse
249 558 412 624 novicium
430 559 636 646 volgatisque
660 560 864 625 simillimum
886 560 972 625 infra
990 559 1179 625 videbimus.
1187 558 1213 646 ¹)

43 662 189 731 Summas
213 666 317 752 igitur
344 667 469 752 gratias
499 667 653 732 debemus
678 667 880 756 Iungblutio‚
909 667 964 751 qui
987 692 1018 752 p.
1042 668 1084 732 20
1107 668 1213 732 nullas

44 794 106 836 csse
136 773 345 859 grammatici
372 773 573 838 celeberrimi
605 777 716 858 partes
745 774 780 838 in
812 774 934 838 nostris
967 773 1213 860 proverbiorum

44 879 296 946 conlectionibns
329 879 419 945 fonte
452 880 569 946 erroris
606 884 720 966 aperto
753 881 935 946 luculenter
967 881 1213 947 demonstravit.

44 985 183 1051 Exhibet
213 988 300 1054 enirn
327 987 491 1052 Parisinus
523 989 607 1053 1773
644 987 789 1052 nondum
822 989 902 1052 satis
936 988 1109 1073 diligenter
1140 1011 1212 1053 con-

45 1093 124 1158 latus
157 1094 339 1179 pretiosam
369 1095 463 1160 illam
495 1095 533 1160 de
567 1095 732 1180 proverbii
752 1095 901 1160 ‘notione
933 1099 1113 1179 naturaque
1150 1096 1212 1160 dis·

44 1203 243 1284 putationem
271 1225 290 1266 a
318 1201 561 1268 Schneidewino
589 1202 653 1266 vol.
680 1201 695 1264 I
718 1225 749 1286 p.
781 1203 841 1266 177
870 1225 939 1286 sqq.
967 1202 1101 1287 editam,
1129 1225 1212 1288 quae

45 1307 228 1372 inscribitur
250 1307 358 1374 verbis
383 1309 599 1384 Διογενιανοῦ
622 1309 694 1387 περὶ
717 1312 896 1387 παροιμιῶν
904 1304 944 1394 ²);
972 1308 1094 1373 lineola
1115 1309 1212 1373 inter-

45 1415 145 1498 posita
170 1414 231 1480 sub
255 1414 351 1479 titulo
380 1415 543 1493 παροιμίαι
567 1415 723 1493 saccone
751 1415 832 1478 κατὰ
859 1420 1017 1495 ετοιχεῑον
1039 1417 1213 1500 proverbia

46 1525 219 1604 sequuntur
236 1519 423 1586 Bodleianis
447 1521 614 1586 simillime
637 1521 701 1586 alia
726 1523 975 1607 manuscripta.
1016 1522 1089 1586 'I'ali
1111 1522 1212 1608 igitur

46 1627 121 1691 libro
148 1665 185 1674 -
212 1628 353 1694 fortasse
382 1629 454 1713 ipso
482 1625 662 1714 Parisin03)
688 1665 726 1674 -
758 1651 854 1692 usum
882 1651 956 1693 eum
982 1630 1039 1713 qui
1066 1630 1212 1695 codicum

47 1733 453 1824 Pseudodiogenianeorum
482 1735 679 1820 archetypon
704 1734 871 1819 scripserit
899 1735 979 1800 duos
1007 1735 1067 1800 hos
1095 1736 1211 1800 titulos
1309 1761 1313 1766 ’
1355 1762 1359 1766 ·

47 1843 76 1905 in
104 1865 206 1908 unum
237 1843 331 1907 illum
361 1844 441 1908 satis
474 1842 621 1926 ineptum
654 1841 706 1926 (cf.
736 1839 967 1908 Schneidewin.
995 1866 1026 1926 p.
1053 1841 1210 1927 XXVIII)

48 1951 239 2016 contraxisse
259 1953 355 2034 atque
373 1949 446 2034 ipse
460 1947 654 2033 Diogeniani
669 1949 941 2014 commentatione
956 1950 1078 2014 omissa
1091 1972 1212 2015 nomen

49 2058 245 2142 grammatici
273 2057 459 2123 celebrioris
482 2056 566 2121 falso
593 2056 774 2140 proverbiis
799 2042 1213 2144 zenonianis'tribuisse4)‚

49 2164 256 2245 probabiliter
275 2164 483 2250 Iungblntius
504 2163 641 2229 coniecit
660 2186 716 2229 seu
730 2164 840 2249 potius
860 2163 1096 2228 demonstravit
1114 2189 1144 2249 p.
1160 2166 1213 2249 21,

50 2269 130 2334 facili
151 2271 286 2358 negotio
311 2271 471 2357 argutulis
491 2272 674 2336 rationibus
697 2270 885 2354 confutatis,
909 2271 1025 2355 quibus
1044 2272 1106 2336 viri
1125 2272 1212 2337 docti
1258 2290 1261 2295 ·

114 2468 138 2534 1)
162 2464 294 2520 Schottus
316 2465 345 2520 in
365 2463 479 2519 Suidam
503 2483 522 2519 s.
547 2483 573 2518 v.
597 2465 793 2529 Διογενειανὸ(
814 2463 1026 2534 proverbiorum
1048 2465 1211 2519 memoriam

54 2551 138 2608 intulit
168 2572 218 2623 pro
249 2556 312 2623 περὶ
339 2560 475 2621 ποταμῶν
506 2572 535 2608 π.
568 2558 724 2621 παροιμιῶν
756 2570 876 2620 novans,
908 2570 992 2622 quam
1023 2553 1212 2609 coniecturam

53 2641 266 2699 Schneidewinns
291 2643 377 2712 praef.
401 2661 428 2712 p.
452 2641 557 2697 XXVII
584 2642 704 2697 maxime
727 2641 871 2712 probavit,
899 2642 971 2697 falso
998 2659 1049 2711 pro
1077 2642 1212 2698 librorum

54 2731 176 2800 scriptura
189 2732 276 2788 babet
289 2732 400 2788 Nicolni
421 2730 477 2785 ‘Gr
494 2731 560 2786 Lit’
581 2731 607 2784 Il
620 2750 647 2801 p.
662 2736 722 2785 377.
749 2729 897 2785 Adversati
912 2733 977 2786 sunt
991 2733 1056 2800 post
1069 2732 1211 2786 Rankium

55 2820 78 2871 et
92 2820 265 2877 Welclrerum
285 2821 329 2891 (cf.
350 2822 522 2877 Schneidevv.
540 2820 559 2874 l.
580 2838 601 2874 s.
621 2822 653 2889 s.)
671 2819 776 2873 Weber
793 2818 811 2872 l.
831 2837 851 2873 s.
872 2838 892 2873 s.
911 2838 936 2887 p.
958 2824 1010 2874 560
1028 2821 1091 2876 adn.
1114 2827 1164 2875 144
1183 2825 1212 2877 et

55 2909 94 2975 qui
115 2914 277 2981 argumente
304 2911 364 2965 eius
393 2926 465 2965 novo
492 2908 571 2965 nullo
595 2909 745 2965 accedente
768 2907 882 2978 repetiit
905 2908 993 2963 Danb.
1021 2907 1091 2963 Mus.
1121 2910 1210 2965 Rhen.

53 2997 143 3053 XXXV
159 3020 185 3070 p.
205 3008 247 3056 62.
677 3012 684 3020 ‘

117 3077 292 3156 1)‘thanda
305 3088 335 3143 in
353 3106 388 3144 ea
402 3087 609 3151 Schneidewini
623 3089 667 3143 est
684 3086 838 3156 festinabo,
857 3087 905 3156 qui
922 3087 1089 3156 particulam
1108 3089 1167 3143 eius
1182 3090 1212 3145 in

57 3174 123 3230 ‘Not
141 3182 168 3233 et
185 3178 274 3235 Extr.’
295 3177 358 3232 VIII
375 3196 403 3248 p.
423 3184 477 3231 244
495 3180 538 3245 (=
557 3176 617 3232 cod.
637 3177 700 3232 Vat.
721 3176 767 3231 Gr.
787 3181 852 3231 306:
876 3175 910 3231 cf.
929 3174 1057 3230 Foerster
1074 3170 1210 3231 Fleckeis.

57 3279 107 3319 ann.
127 3273 181 3335 113,
200 3287 228 3339 p.
248 3274 309 3334 641,
328 3268 451 3322 Hercher
465 3267 558 3321 Herm.
573 3265 599 3318 H
613 3284 640 3335 p.
657 3268 718 3333 150)
735 3266 879 3334 volgatam
893 3282 953 3319 esse
971 3265 1090 3332 monuit,
1108 3267 1157 3321 sed
1176 3298 1210 3307 -

57 3348 210 3425 quamquem
229 3356 342 3412 inutiles
356 3355 485 3426 Angelici
498 3354 633 3411 lectiones
647 3373 711 3409 cum
730 3372 797 3409 cura
811 3353 1004 3423 exscripsit-
1019 3353 1053 3408 de
1073 3354 1211 3424 scriptura

58 3440 119 3498 illius
136 3447 246 3502 omnino
265 3448 350 3502 tacet.
387 3444 482 3499 Habet
500 3447 593 3499 autem
609 3444 672 3498 vm.
691 3460 718 3512 p.
740 3449 800 3508 177,
819 3449 835 3495 2
855 3443 882 3495 οἱ
898 3444 961 3510 γὰρ,
979 3442 1016 3498 ib.
1037 3448 1053 3495 3
1072 3445 1211 3499 κατὰτὰ(

25 3566 26 3571 =
59 3533 202 3603 λεωφόρου(
226 3538 387 3604 ἀνέγραφον
411 3536 508 3603 ὁδούε,
535 3553 562 3604 p.
588 3538 648 3602 178,
667 3539 682 3585 2
702 3532 893 3599 ucpopotoc
916 3534 1010 3587 τινὰ(
1034 3536 1129 3587 οῠεα(
1151 3534 1210 3603 (ubi

60 3624 249 3693 corruptissime
268 3625 411 3679 Parisinus
430 3622 632 3679 Schneidewini
653 3626 889 3690 upocnvopedrdur
911 3623 963 3675 τὰ(
983 3621 1131 3689 παροιμία(
1150 3665 1156 3676 .
1177 3666 1182 3676 .
1203 3665 1209 3676 .

59 3714 219 3779 παροιμία(
246 3714 491 3780 τυγχανοιίεαεῑ
515 3712 586 3765 bene
611 3709 851 3765 Schneidewinus:
878 3709 1007 3763 ‘fortasse
1030 3710 1210 3778 ncpopotor’;

61 3799 98 3851 sed
110 3805 228 3869 praestat
241 3802 373 3857 Vaticani
387 3801 532 3871 scriptura,
552 3800 586 3853 cf.
602 3796 695 3871 Etym.
710 3800 747 3853 M.
762 3818 789 3869 p.
803 3803 865 3865 228,
882 3803 917 3853 35
935 3800 1056 3867 γέργιιρα
1072 3842 1078 3854 .
1095 3842 1100 3853 .
1117 3841 1122 3851 .
1142 3802 1210 3864 γεώ-

61 3890 118 3952 ρυγά
130 3909 200 3946 τινα
215 3894 317 3961 ὄντα).
347 3890 457 3945 Similia
470 3890 499 3944 in
514 3888 572 3943 cod.
583 3888 663 3943 Lanr.
678 3886 741 3943 LIX
750 3894 784 3942 30
798 3888 855 3955 legi
866 3888 995 3942 Foerster
1008 3888 1120 3943 monuit
1130 3889 1147 3941 l.
1156 3907 1177 3943 s.
1188 3909 1209 3944 s.

120 3980 144 4046 3)
158 3979 277 4034 Gravem
291 3980 364 4033 hanc
378 3978 568 4047 quaestionem
580 3976 683 4031 nostris
697 3975 828 4031 subsidiis
838 3975 974 4031 sustinere
988 3994 1044 4031 non
1055 3993 1210 4046 possumus.

63 4060 141 4133 ltaque
158 4084 219 4123 eam
237 4068 416 4138 proposuisse
434 4084 506 4121 nunc
526 4066 640 4135 quidem
659 4064 727 4119 sutis
746 4064 844 4119 habeo
1194 4052 1197 4060 ¹

117 4158 142 4225 ’4)
160 4154 202 4211 Ita
219 4156 336 4211 Publilii
354 4154 417 4226 Syri
436 4154 567 4210 versiculi
589 4154 681 4209 medio
699 4128 775 4208 bevo
799 4155 850 4209 sub
870 4154 1142 4225 [Pseudo]Senecae
1161 4174 1210 4210 no·

65 4240 122 4298 nine
144 4246 315 4312 ferebantur,
347 4245 425 4300 cuius
458 4244 612 4300 sententiae
645 4259 707 4297 cum
735 4242 902 4298 Publiliams
930 4244 1095 4299 coniunctae
1122 4250 1209 4300 erant.

66 4326 155 4388 Similes
172 4334 282 4390 omnino
302 4352 380 4389 casus
399 4349 547 4405 perpessae
561 4333 627 4386 sunt
645 4331 835 4387 conlectiones
847 4332 1008 4387 Publiliam.
1024 4332 1109 4401 atque
1124 4321 1209 4388 Zeno-

67 4414 131 4477 bianu
147 4424 313 4495 alteriusque
333 4422 492 4482 condicioni
509 4423 604 4479 lumen
623 4422 737 4478 effertur
755 4439 789 4477 ex
806 4422 929 4478 alterius.
