<?xml version="1.0" encoding="UTF-8"?>
<!DOCTYPE html PUBLIC "-//W3C//DTD XHTML 1.0 Transitional//EN"
    "http://www.w3.org/TR/xhtml1/DTD/xhtml1-transitional.dtd">
<html xmlns="http://www.w3.org/1999/xhtml" xml:lang="en" lang="en">
 <head>
  <title>
</title>
<meta http-equiv="Content-Type" content="text/html;charset=utf-8" />
  <meta name='ocr-system' content='tesseract 3.04.00' />
  <meta name='ocr-capabilities' content='ocr_page ocr_carea ocr_par ocr_line ocrx_word'/>
</head>
<body>
  <div class='ocr_page' id='page_1' title='image "./analectacritica00demogoog_0085.png"; bbox 0 0 2925 5050; ppageno 0'>
   <div class='ocr_carea' id='block_1_1' title="bbox 502 258 719 322">
    <p class='ocr_par' dir='ltr' id='par_1_1' title="bbox 502 258 719 322">
     <span class='ocr_line' id='line_1_1' title="bbox 502 258 719 322; baseline 0 -18"><span class='ocrx_word' id='word_1_1' title='bbox 502 258 719 322; x_wconf 78' lang='lat'><strong>-75-·</strong></span> 
     </span>
    </p>
   </div>
   <div class='ocr_carea' id='block_1_2' title="bbox 23 417 1203 2110">
    <p class='ocr_par' dir='ltr' id='par_1_2' title="bbox 23 417 1201 934">
     <span class='ocr_line' id='line_1_2' title="bbox 26 417 1201 504; baseline 0.002 -23"><span class='ocrx_word' id='word_1_2' title='bbox 26 417 151 502; x_wconf 83' lang='lat' dir='ltr'>tragico</span> <span class='ocrx_word' id='word_1_3' title='bbox 178 418 234 485; x_wconf 86' lang='lat' dir='ltr'>vel</span> <span class='ocrx_word' id='word_1_4' title='bbox 255 417 492 503; x_wconf 82' lang='lat' dir='ltr'>iambographo</span> <span class='ocrx_word' id='word_1_5' title='bbox 521 418 723 504; x_wconf 81' lang='lat' dir='ltr'>adsumpta¹)</span> <span class='ocrx_word' id='word_1_6' title='bbox 756 419 802 484; x_wconf 87' lang='lat' dir='ltr'>eis</span> <span class='ocrx_word' id='word_1_7' title='bbox 832 440 916 502; x_wconf 85' lang='lat' dir='ltr'>quas</span> <span class='ocrx_word' id='word_1_8' title='bbox 946 418 1138 484; x_wconf 75' lang='lat' dir='ltr'>antecedunt</span> <span class='ocrx_word' id='word_1_9' title='bbox 1159 419 1201 488; x_wconf 83' lang='lat' dir='ltr'>ad</span> 
     </span>
     <span class='ocr_line' id='line_1_3' title="bbox 25 523 1201 620; baseline 0.001 -32"><span class='ocrx_word' id='word_1_10' title='bbox 25 525 202 620; x_wconf 79' lang='lat' dir='ltr'>ridioulum</span> <span class='ocrx_word' id='word_1_11' title='bbox 230 529 456 610; x_wconf 75' lang='lat' dir='ltr'><strong>argumentum</strong></span> <span class='ocrx_word' id='word_1_12' title='bbox 485 527 669 612; x_wconf 75' lang='lat' dir='ltr'>detorqueri</span> <span class='ocrx_word' id='word_1_13' title='bbox 698 527 907 592; x_wconf 87' lang='lat' dir='ltr'>manifestum</span> <span class='ocrx_word' id='word_1_14' title='bbox 935 523 1028 614; x_wconf 56' lang='grc' dir='ltr'>δολί)</span> <span class='ocrx_word' id='word_1_15' title='bbox 1075 523 1201 590; x_wconf 82' lang='lat' dir='ltr'>Similia</span> 
     </span>
     <span class='ocr_line' id='line_1_4' title="bbox 23 619 1200 720; baseline 0.003 -24"><span class='ocrx_word' id='word_1_16' title='bbox 23 632 169 697; x_wconf 83' lang='lat' dir='ltr'>invenies</span> <span class='ocrx_word' id='word_1_17' title='bbox 202 631 299 698; x_wconf 79' lang='lat' dir='ltr'>Ooisl.</span> <span class='ocrx_word' id='word_1_18' title='bbox 325 619 390 698; x_wconf 78' lang='lat'>173</span> <span class='ocrx_word' id='word_1_19' title='bbox 419 630 506 719; x_wconf 90' lang='lat' dir='ltr'>(app.</span> <span class='ocrx_word' id='word_1_20' title='bbox 530 633 563 698; x_wconf 93' lang='grc' dir='ltr'>ΙΙ</span> <span class='ocrx_word' id='word_1_21' title='bbox 586 631 645 720; x_wconf 84' lang='grc'>45)</span> <span class='ocrx_word' id='word_1_22' title='bbox 675 635 737 700; x_wconf 81' lang='grc'>241</span> <span class='ocrx_word' id='word_1_23' title='bbox 768 632 854 720; x_wconf 82' lang='lat' dir='ltr'>(app.</span> <span class='ocrx_word' id='word_1_24' title='bbox 877 634 927 699; x_wconf 92' lang='lat' dir='ltr'>III</span> <span class='ocrx_word' id='word_1_25' title='bbox 954 632 991 719; x_wconf 76' lang='grc' dir='ltr'>ὃ)</span> <span class='ocrx_word' id='word_1_26' title='bbox 1020 635 1084 699; x_wconf 83' lang='grc'>336</span> <span class='ocrx_word' id='word_1_27' title='bbox 1113 632 1200 719; x_wconf 85' lang='lat' dir='ltr'>(app.</span> 
     </span>
     <span class='ocr_line' id='line_1_5' title="bbox 25 737 1200 826; baseline 0.002 -23"><span class='ocrx_word' id='word_1_28' title='bbox 25 739 70 802; x_wconf 88' lang='lat' dir='ltr'>HI</span> <span class='ocrx_word' id='word_1_29' title='bbox 94 737 174 826; x_wconf 85' lang='lat'>90),</span> <span class='ocrx_word' id='word_1_30' title='bbox 206 739 301 824; x_wconf 80' lang='lat' dir='ltr'>Greg.</span> <span class='ocrx_word' id='word_1_31' title='bbox 332 737 428 824; x_wconf 82' lang='lat' dir='ltr'>prr.</span> <span class='ocrx_word' id='word_1_32' title='bbox 460 739 551 806; x_wconf 85' lang='lat' dir='ltr'>Pant</span> <span class='ocrx_word' id='word_1_33' title='bbox 581 740 693 825; x_wconf 81' lang='lat'>1152,</span> <span class='ocrx_word' id='word_1_34' title='bbox 722 740 842 806; x_wconf 79' lang='lat' dir='ltr'>Macar.</span> <span class='ocrx_word' id='word_1_35' title='bbox 871 739 983 806; x_wconf 90' lang='grc' dir='ltr'>Π148</span> <span class='ocrx_word' id='word_1_36' title='bbox 1016 741 1126 808; x_wconf 79' lang='grc'>11181</span> <span class='ocrx_word' id='word_1_37' title='bbox 1157 742 1200 806; x_wconf 84' lang='lat'>86</span> 
     </span>
     <span class='ocr_line' id='line_1_6' title="bbox 27 837 826 934; baseline 0.001 -22"><span class='ocrx_word' id='word_1_38' title='bbox 27 847 83 912; x_wconf 83' lang='lat' dir='ltr'>VH</span> <span class='ocrx_word' id='word_1_39' title='bbox 109 845 193 934; x_wconf 75' lang='lat'>75³)</span> <span class='ocrx_word' id='word_1_40' title='bbox 216 849 267 912; x_wconf 84' lang='lat'>90.</span> <span class='ocrx_word' id='word_1_41' title='bbox 823 837 826 842; x_wconf 53' lang='grc'><strong>’</strong></span> 
     </span>
    </p>

    <p class='ocr_par' dir='ltr' id='par_1_3' title="bbox 25 955 1203 2110">
     <span class='ocr_line' id='line_1_7' title="bbox 108 955 1201 1040; baseline 0.002 -22"><span class='ocrx_word' id='word_1_42' title='bbox 108 955 225 1039; x_wconf 85' lang='lat' dir='ltr'>Atque</span> <span class='ocrx_word' id='word_1_43' title='bbox 245 955 343 1018; x_wconf 88' lang='lat' dir='ltr'>etiam</span> <span class='ocrx_word' id='word_1_44' title='bbox 363 956 480 1019; x_wconf 84' lang='lat' dir='ltr'>tertias</span> <span class='ocrx_word' id='word_1_45' title='bbox 499 955 694 1021; x_wconf 81' lang='lat' dir='ltr'>conlectioni</span> <span class='ocrx_word' id='word_1_46' title='bbox 708 957 872 1040; x_wconf 81' lang='lat' dir='ltr'>ceteroqui</span> <span class='ocrx_word' id='word_1_47' title='bbox 890 955 931 1020; x_wconf 88' lang='lat' dir='ltr'>ad</span> <span class='ocrx_word' id='word_1_48' title='bbox 944 955 1088 1020; x_wconf 85' lang='lat' dir='ltr'>rationes</span> <span class='ocrx_word' id='word_1_49' title='bbox 1102 956 1201 1040; x_wconf 83' lang='lat' dir='ltr'>longe</span> 
     </span>
     <span class='ocr_line' id='line_1_8' title="bbox 25 1062 1202 1148; baseline 0.003 -23"><span class='ocrx_word' id='word_1_50' title='bbox 25 1063 171 1126; x_wconf 85' lang='lat' dir='ltr'>diversas</span> <span class='ocrx_word' id='word_1_51' title='bbox 198 1062 374 1147; x_wconf 72' lang='lat' dir='ltr'>dispositae</span> <span class='ocrx_word' id='word_1_52' title='bbox 402 1085 466 1126; x_wconf 89' lang='lat' dir='ltr'>uno</span> <span class='ocrx_word' id='word_1_53' title='bbox 496 1064 611 1127; x_wconf 79' lang='lat' dir='ltr'>saltem</span> <span class='ocrx_word' id='word_1_54' title='bbox 635 1065 707 1129; x_wconf 85' lang='lat' dir='ltr'>loco</span> <span class='ocrx_word' id='word_1_55' title='bbox 735 1064 850 1128; x_wconf 87' lang='lat' dir='ltr'>similis</span> <span class='ocrx_word' id='word_1_56' title='bbox 874 1063 1053 1148; x_wconf 88' lang='lat' dir='ltr'>disputatio</span> <span class='ocrx_word' id='word_1_57' title='bbox 1075 1064 1202 1128; x_wconf 78' lang='lat' dir='ltr'>inclusa</span> 
     </span>
     <span class='ocr_line' id='line_1_9' title="bbox 25 1168 1202 1255; baseline 0 -22"><span class='ocrx_word' id='word_1_58' title='bbox 25 1170 151 1234; x_wconf 85' lang='lat' dir='ltr'>videtur</span> <span class='ocrx_word' id='word_1_59' title='bbox 177 1168 228 1232; x_wconf 89' lang='grc' dir='ltr'>ΠΙ</span> <span class='ocrx_word' id='word_1_60' title='bbox 253 1169 316 1236; x_wconf 90' lang='grc'>148</span> <span class='ocrx_word' id='word_1_61' title='bbox 341 1191 411 1254; x_wconf 88' lang='lat' dir='ltr'>sqq.</span> <span class='ocrx_word' id='word_1_62' title='bbox 429 1199 471 1222; x_wconf 83' lang='lat'>=</span> <span class='ocrx_word' id='word_1_63' title='bbox 492 1169 576 1234; x_wconf 90' lang='lat' dir='ltr'>Plut.</span> <span class='ocrx_word' id='word_1_64' title='bbox 600 1169 632 1232; x_wconf 92' lang='grc' dir='ltr'>Π</span> <span class='ocrx_word' id='word_1_65' title='bbox 656 1172 676 1236; x_wconf 95' lang='grc'>8</span> <span class='ocrx_word' id='word_1_66' title='bbox 700 1193 769 1255; x_wconf 88' lang='lat' dir='ltr'>sqq.</span> <span class='ocrx_word' id='word_1_67' title='bbox 810 1169 985 1236; x_wconf 82' lang='lat' dir='ltr'>Intaraodit</span> <span class='ocrx_word' id='word_1_68' title='bbox 1007 1172 1093 1236; x_wconf 85' lang='lat' dir='ltr'>anim</span> <span class='ocrx_word' id='word_1_69' title='bbox 1116 1171 1202 1234; x_wconf 80' lang='lat' dir='ltr'>iniar</span> 
     </span>
     <span class='ocr_line' id='line_1_10' title="bbox 26 1275 1201 1362; baseline 0.005 -24"><span class='ocrx_word' id='word_1_70' title='bbox 26 1275 203 1358; x_wconf 81' lang='lat' dir='ltr'>proverbia</span> <span class='ocrx_word' id='word_1_71' title='bbox 225 1275 284 1340; x_wconf 89' lang='lat' dir='ltr'>illa</span> <span class='ocrx_word' id='word_1_72' title='bbox 307 1313 349 1322; x_wconf 91' lang='lat'>—</span> <span class='ocrx_word' id='word_1_73' title='bbox 373 1277 406 1341; x_wconf 88' lang='lat' dir='ltr'>id</span> <span class='ocrx_word' id='word_1_74' title='bbox 430 1277 516 1361; x_wconf 87' lang='lat' dir='ltr'>quod</span> <span class='ocrx_word' id='word_1_75' title='bbox 540 1301 578 1342; x_wconf 84' lang='lat' dir='ltr'>ex</span> <span class='ocrx_word' id='word_1_76' title='bbox 607 1279 687 1362; x_wconf 90' lang='lat' dir='ltr'>ipsis</span> <span class='ocrx_word' id='word_1_77' title='bbox 716 1279 824 1343; x_wconf 84' lang='lat' dir='ltr'>verbis</span> <span class='ocrx_word' id='word_1_78' title='bbox 853 1278 983 1344; x_wconf 86' lang='lat' dir='ltr'>traditis</span> <span class='ocrx_word' id='word_1_79' title='bbox 1012 1278 1118 1358; x_wconf 89' lang='grc' dir='ltr'>ὥεπερ</span> <span class='ocrx_word' id='word_1_80' title='bbox 1142 1280 1201 1344; x_wconf 88' lang='grc' dir='ltr'>τὸν</span> 
     </span>
     <span class='ocr_line' id='line_1_11' title="bbox 26 1383 1200 1469; baseline 0.002 -23"><span class='ocrx_word' id='word_1_81' title='bbox 26 1383 246 1462; x_wconf 86' lang='grc' dir='ltr'>ἀληλεεμένον</span> <span class='ocrx_word' id='word_1_82' title='bbox 271 1383 340 1462; x_wconf 85' lang='grc' dir='ltr'>βίον</span> <span class='ocrx_word' id='word_1_83' title='bbox 363 1383 395 1450; x_wconf 82' lang='grc' dir='ltr'>οἱ</span> <span class='ocrx_word' id='word_1_84' title='bbox 418 1385 501 1463; x_wconf 84' lang='grc' dir='ltr'>μὲν.</span> <span class='ocrx_word' id='word_1_85' title='bbox 522 1437 528 1449; x_wconf 92' lang='grc'>.</span> <span class='ocrx_word' id='word_1_86' title='bbox 548 1435 555 1450; x_wconf 93' lang='grc'><strong><em>.</em></strong></span> <span class='ocrx_word' id='word_1_87' title='bbox 579 1388 823 1468; x_wconf 86' lang='grc' dir='ltr'>προεεδέξαντο,</span> <span class='ocrx_word' id='word_1_88' title='bbox 847 1387 879 1450; x_wconf 80' lang='grc' dir='ltr'>οἱ</span> <span class='ocrx_word' id='word_1_89' title='bbox 901 1389 937 1450; x_wconf 84' lang='grc' dir='ltr'>δὲ</span> <span class='ocrx_word' id='word_1_90' title='bbox 958 1439 964 1451; x_wconf 93' lang='grc'>.</span> <span class='ocrx_word' id='word_1_91' title='bbox 984 1439 991 1452; x_wconf 93' lang='grc'><strong><em>.</em></strong></span> <span class='ocrx_word' id='word_1_92' title='bbox 1011 1438 1018 1450; x_wconf 93' lang='grc'><strong>.</strong></span> <span class='ocrx_word' id='word_1_93' title='bbox 1038 1386 1200 1469; x_wconf 84' lang='lat' dir='ltr'>oonligsro</span> 
     </span>
     <span class='ocr_line' id='line_1_12' title="bbox 25 1490 1201 1576; baseline 0.003 -24"><span class='ocrx_word' id='word_1_94' title='bbox 25 1491 159 1556; x_wconf 67' lang='grc'>111161-</span> <span class='ocrx_word' id='word_1_95' title='bbox 176 1511 214 1554; x_wconf 87' lang='lat' dir='ltr'>aa</span> <span class='ocrx_word' id='word_1_96' title='bbox 236 1490 423 1574; x_wconf 86' lang='lat' dir='ltr'>similitudo,</span> <span class='ocrx_word' id='word_1_97' title='bbox 446 1492 530 1576; x_wconf 89' lang='lat' dir='ltr'>quod</span> <span class='ocrx_word' id='word_1_98' title='bbox 550 1492 590 1555; x_wconf 84' lang='lat' dir='ltr'>ad</span> <span class='ocrx_word' id='word_1_99' title='bbox 610 1493 788 1556; x_wconf 88' lang='lat' dir='ltr'>sententias</span> <span class='ocrx_word' id='word_1_100' title='bbox 806 1491 876 1557; x_wconf 86' lang='lat' dir='ltr'>fers</span> <span class='ocrx_word' id='word_1_101' title='bbox 897 1494 1077 1557; x_wconf 83' lang='lat' dir='ltr'>contrarias</span> <span class='ocrx_word' id='word_1_102' title='bbox 1096 1493 1201 1557; x_wconf 71' lang='lat' dir='ltr'>rolata</span> 
     </span>
     <span class='ocr_line' id='line_1_13' title="bbox 26 1598 1203 1683; baseline 0.001 -21"><span class='ocrx_word' id='word_1_103' title='bbox 26 1603 96 1666; x_wconf 91' lang='lat' dir='ltr'>sunt</span> <span class='ocrx_word' id='word_1_104' title='bbox 121 1621 141 1662; x_wconf 87' lang='lat' dir='ltr'>a</span> <span class='ocrx_word' id='word_1_105' title='bbox 169 1598 394 1681; x_wconf 80' lang='lat' dir='ltr'>scriptoribus:</span> <span class='ocrx_word' id='word_1_106' title='bbox 419 1598 482 1664; x_wconf 85' lang='lat'>148</span> <span class='ocrx_word' id='word_1_107' title='bbox 506 1600 564 1664; x_wconf 88' lang='grc' dir='ltr'>τὸν</span> <span class='ocrx_word' id='word_1_108' title='bbox 583 1601 619 1664; x_wconf 82' lang='grc' dir='ltr'>ἐν</span> <span class='ocrx_word' id='word_1_109' title='bbox 639 1599 733 1683; x_wconf 84' lang='grc' dir='ltr'>(ἁμῳ</span> <span class='ocrx_word' id='word_1_110' title='bbox 753 1602 893 1680; x_wconf 87' lang='grc' dir='ltr'>κομήτην</span> <span class='ocrx_word' id='word_1_111' title='bbox 913 1599 969 1664; x_wconf 89' lang='lat' dir='ltr'>alii</span> <span class='ocrx_word' id='word_1_112' title='bbox 984 1598 1203 1664; x_wconf 85' lang='lat' dir='ltr'>adhibuerunt</span> 
     </span>
     <span class='ocr_line' id='line_1_14' title="bbox 26 1704 1201 1787; baseline 0.003 -19"><span class='ocrx_word' id='word_1_113' title='bbox 26 1705 159 1769; x_wconf 80' lang='grc' dir='ltr'>ἐπὶτῶν</span> <span class='ocrx_word' id='word_1_114' title='bbox 177 1705 377 1784; x_wconf 75' lang='grc' dir='ltr'>αἱρουμένων</span> <span class='ocrx_word' id='word_1_115' title='bbox 391 1704 629 1783; x_wconf 85' lang='grc' dir='ltr'>ἀνταγωνίεταε</span> <span class='ocrx_word' id='word_1_116' title='bbox 648 1756 677 1772; x_wconf 91' lang='grc'>..</span> <span class='ocrx_word' id='word_1_117' title='bbox 693 1758 699 1770; x_wconf 96' lang='grc'><em>.</em></span> <span class='ocrx_word' id='word_1_118' title='bbox 714 1707 897 1786; x_wconf 74' lang='grc' dir='ltr'>κρείττονα(</span> <span class='ocrx_word' id='word_1_119' title='bbox 916 1710 936 1787; x_wconf 89' lang='grc' dir='ltr'>ἢ</span> <span class='ocrx_word' id='word_1_120' title='bbox 956 1705 1201 1786; x_wconf 83' lang='grc' dir='ltr'>προεεδόκηεαν,</span> 
     </span>
     <span class='ocr_line' id='line_1_15' title="bbox 27 1811 1201 1900; baseline 0.001 -24"><span class='ocrx_word' id='word_1_121' title='bbox 27 1814 77 1876; x_wconf 90' lang='lat' dir='ltr'>alii</span> <span class='ocrx_word' id='word_1_122' title='bbox 101 1814 158 1877; x_wconf 83' lang='grc' dir='ltr'>ἐπὶ</span> <span class='ocrx_word' id='word_1_123' title='bbox 184 1816 249 1878; x_wconf 87' lang='grc' dir='ltr'>τῶν</span> <span class='ocrx_word' id='word_1_124' title='bbox 274 1813 370 1878; x_wconf 82' lang='grc' dir='ltr'>οὐδὲν</span> <span class='ocrx_word' id='word_1_125' title='bbox 394 1812 504 1892; x_wconf 87' lang='grc' dir='ltr'>χάριεν</span> <span class='ocrx_word' id='word_1_126' title='bbox 532 1813 696 1891; x_wconf 86' lang='grc' dir='ltr'>λεγόντων</span> <span class='ocrx_word' id='word_1_127' title='bbox 725 1811 844 1898; x_wconf 79' lang='lat' dir='ltr'>(Pa-D.</span> <span class='ocrx_word' id='word_1_128' title='bbox 867 1813 916 1877; x_wconf 89' lang='lat' dir='ltr'>IV</span> <span class='ocrx_word' id='word_1_129' title='bbox 939 1811 1012 1900; x_wconf 81' lang='lat'>58);</span> <span class='ocrx_word' id='word_1_130' title='bbox 1038 1815 1096 1877; x_wconf 89' lang='grc' dir='ltr'>τὸν</span> <span class='ocrx_word' id='word_1_131' title='bbox 1125 1811 1201 1892; x_wconf 86' lang='grc' dir='ltr'>ἀλη-</span> 
     </span>
     <span class='ocr_line' id='line_1_16' title="bbox 27 1919 1203 2005; baseline 0 -22"><span class='ocrx_word' id='word_1_132' title='bbox 27 1922 183 1999; x_wconf 86' lang='grc' dir='ltr'>λεεμένον</span> <span class='ocrx_word' id='word_1_133' title='bbox 207 1919 277 1998; x_wconf 88' lang='grc' dir='ltr'>βίον</span> <span class='ocrx_word' id='word_1_134' title='bbox 305 1920 362 1984; x_wconf 91' lang='lat' dir='ltr'>alii</span> <span class='ocrx_word' id='word_1_135' title='bbox 390 1921 442 1985; x_wconf 80' lang='grc' dir='ltr'>ἐπὶ</span> <span class='ocrx_word' id='word_1_136' title='bbox 470 1924 537 1986; x_wconf 87' lang='grc' dir='ltr'>τῶν</span> <span class='ocrx_word' id='word_1_137' title='bbox 566 1919 737 2005; x_wconf 57' lang='grc' dir='ltr'>πλάνητϋ)</span> <span class='ocrx_word' id='word_1_138' title='bbox 766 1921 823 2004; x_wconf 87' lang='grc' dir='ltr'>βίῳ</span> <span class='ocrx_word' id='word_1_139' title='bbox 846 1922 1036 2003; x_wconf 85' lang='grc' dir='ltr'>χρωμένων,</span> <span class='ocrx_word' id='word_1_140' title='bbox 1065 1920 1121 1984; x_wconf 86' lang='lat' dir='ltr'>aiii</span> <span class='ocrx_word' id='word_1_141' title='bbox 1149 1920 1203 1984; x_wconf 86' lang='grc' dir='ltr'>ἐπὶ</span> 
     </span>
     <span class='ocr_line' id='line_1_17' title="bbox 26 2027 1203 2110; baseline -0.002 -19"><span class='ocrx_word' id='word_1_142' title='bbox 26 2034 87 2092; x_wconf 83' lang='grc' dir='ltr'>τῶν</span> <span class='ocrx_word' id='word_1_143' title='bbox 117 2027 357 2108; x_wconf 84' lang='grc' dir='ltr'>ἀταλαιπώρωε</span> <span class='ocrx_word' id='word_1_144' title='bbox 387 2029 553 2110; x_wconf 88' lang='grc' dir='ltr'>βιούντων,</span> <span class='ocrx_word' id='word_1_145' title='bbox 588 2030 650 2093; x_wconf 85' lang='grc'>149</span> <span class='ocrx_word' id='word_1_146' title='bbox 675 2028 704 2094; x_wconf 85' lang='grc' dir='ltr'>εἴ</span> <span class='ocrx_word' id='word_1_147' title='bbox 729 2051 758 2093; x_wconf 93' lang='grc' dir='ltr'>τι</span> <span class='ocrx_word' id='word_1_148' title='bbox 791 2030 889 2093; x_wconf 87' lang='grc' dir='ltr'>κακὸν</span> <span class='ocrx_word' id='word_1_149' title='bbox 918 2028 962 2092; x_wconf 82' lang='grc' dir='ltr'>εἰ(</span> <span class='ocrx_word' id='word_1_150' title='bbox 984 2027 1119 2107; x_wconf 77' lang='grc' dir='ltr'>Πύρραν</span> <span class='ocrx_word' id='word_1_151' title='bbox 1152 2027 1203 2090; x_wconf 82' lang='lat' dir='ltr'>vol</span> 
     </span>
    </p>
   </div>
   <div class='ocr_carea' id='block_1_3' title="bbox 29 2237 1237 4455">
    <p class='ocr_par' dir='ltr' id='par_1_4' title="bbox 29 2237 1205 2401">
     <span class='ocr_line' id='line_1_18' title="bbox 83 2237 1205 2310; baseline 0.002 -18"><span class='ocrx_word' id='word_1_152' title='bbox 83 2241 122 2309; x_wconf 19' lang='lat'>⁴1)</span> <span class='ocrx_word' id='word_1_153' title='bbox 145 2238 189 2293; x_wconf 81' lang='lat' dir='ltr'>cf.</span> <span class='ocrx_word' id='word_1_154' title='bbox 208 2257 232 2294; x_wconf 87' lang='lat' dir='ltr'>v.</span> <span class='ocrx_word' id='word_1_155' title='bbox 254 2256 277 2296; x_wconf 87' lang='grc' dir='ltr'>ο.</span> <span class='ocrx_word' id='word_1_156' title='bbox 297 2238 454 2293; x_wconf 85' lang='lat' dir='ltr'>Simonides</span> <span class='ocrx_word' id='word_1_157' title='bbox 472 2237 585 2310; x_wconf 82' lang='lat' dir='ltr'>Amorg.</span> <span class='ocrx_word' id='word_1_158' title='bbox 609 2239 642 2293; x_wconf 88' lang='lat' dir='ltr'>fr.</span> <span class='ocrx_word' id='word_1_159' title='bbox 665 2241 674 2292; x_wconf 87' lang='lat'>1</span> <span class='ocrx_word' id='word_1_160' title='bbox 694 2246 729 2294; x_wconf 93' lang='grc'>20</span> <span class='ocrx_word' id='word_1_161' title='bbox 748 2257 790 2308; x_wconf 90' lang='lat' dir='ltr'>sq.</span> <span class='ocrx_word' id='word_1_162' title='bbox 826 2240 956 2294; x_wconf 73' lang='lat' dir='ltr'>Fortasse</span> <span class='ocrx_word' id='word_1_163' title='bbox 978 2237 1046 2293; x_wconf 85' lang='lat' dir='ltr'>talis</span> <span class='ocrx_word' id='word_1_164' title='bbox 1067 2237 1127 2292; x_wconf 79' lang='lat' dir='ltr'>fare</span> <span class='ocrx_word' id='word_1_165' title='bbox 1149 2237 1205 2294; x_wconf 86' lang='lat' dir='ltr'>fuit</span> 
     </span>
     <span class='ocr_line' id='line_1_19' title="bbox 29 2327 766 2401; baseline 0.004 -19"><span class='ocrx_word' id='word_1_166' title='bbox 29 2347 134 2384; x_wconf 84' lang='lat' dir='ltr'>vorsus:</span> <span class='ocrx_word' id='word_1_167' title='bbox 155 2355 177 2382; x_wconf 81' lang='grc' dir='ltr'>υ</span> <span class='ocrx_word' id='word_1_168' title='bbox 195 2329 242 2383; x_wconf 82' lang='grc' dir='ltr'>οἷα</span> <span class='ocrx_word' id='word_1_169' title='bbox 261 2327 340 2401; x_wconf 79' lang='grc' dir='ltr'>(δὴ)</span> <span class='ocrx_word' id='word_1_170' title='bbox 359 2332 412 2396; x_wconf 86' lang='grc' dir='ltr'>την</span> <span class='ocrx_word' id='word_1_171' title='bbox 430 2333 484 2396; x_wconf 81' lang='grc' dir='ltr'>γῆν</span> <span class='ocrx_word' id='word_1_172' title='bbox 503 2330 668 2398; x_wconf 83' lang='grc' dir='ltr'>ἀναετρὲφει</span> <span class='ocrx_word' id='word_1_173' title='bbox 687 2331 766 2386; x_wconf 85' lang='grc' dir='ltr'>κακὰ.</span> 
     </span>
    </p>

    <p class='ocr_par' dir='ltr' id='par_1_5' title="bbox 29 2416 1237 3294">
     <span class='ocr_line' id='line_1_20' title="bbox 94 2416 1203 2488; baseline -0.004 -15"><span class='ocrx_word' id='word_1_174' title='bbox 94 2421 123 2488; x_wconf 93' lang='grc'>2)</span> <span class='ocrx_word' id='word_1_175' title='bbox 144 2417 231 2472; x_wconf 86' lang='lat' dir='ltr'>Haud</span> <span class='ocrx_word' id='word_1_176' title='bbox 256 2418 313 2472; x_wconf 84' lang='lat' dir='ltr'>scio</span> <span class='ocrx_word' id='word_1_177' title='bbox 332 2435 369 2472; x_wconf 88' lang='lat' dir='ltr'>an</span> <span class='ocrx_word' id='word_1_178' title='bbox 386 2419 456 2472; x_wconf 85' lang='lat' dir='ltr'>hasa</span> <span class='ocrx_word' id='word_1_179' title='bbox 476 2421 609 2488; x_wconf 83' lang='lat' dir='ltr'>exparte</span> <span class='ocrx_word' id='word_1_180' title='bbox 628 2435 643 2473; x_wconf 88' lang='lat' dir='ltr'>s</span> <span class='ocrx_word' id='word_1_181' title='bbox 662 2417 816 2474; x_wconf 86' lang='lat' dir='ltr'>comoediis</span> <span class='ocrx_word' id='word_1_182' title='bbox 835 2418 976 2485; x_wconf 82' lang='lat' dir='ltr'>fluxerint;</span> <span class='ocrx_word' id='word_1_183' title='bbox 1001 2418 1076 2473; x_wconf 82' lang='lat' dir='ltr'>carte</span> <span class='ocrx_word' id='word_1_184' title='bbox 1098 2416 1203 2470; x_wconf 84' lang='lat' dir='ltr'>Aristo-</span> 
     </span>
     <span class='ocr_line' id='line_1_21' title="bbox 29 2506 1203 2580; baseline -0.003 -17"><span class='ocrx_word' id='word_1_185' title='bbox 29 2509 125 2579; x_wconf 82' lang='lat' dir='ltr'>phanis</span> <span class='ocrx_word' id='word_1_186' title='bbox 142 2511 169 2563; x_wconf 86' lang='grc' dir='ltr'>ὠ</span> <span class='ocrx_word' id='word_1_187' title='bbox 185 2510 257 2563; x_wconf 88' lang='grc' dir='ltr'>εκαιὲ</span> <span class='ocrx_word' id='word_1_188' title='bbox 272 2507 437 2563; x_wconf 85' lang='grc' dir='ltr'>κάπαίδευτε</span> <span class='ocrx_word' id='word_1_189' title='bbox 451 2509 590 2577; x_wconf 69' lang='grc' dir='ltr'>Θεογένης</span> <span class='ocrx_word' id='word_1_190' title='bbox 603 2510 658 2577; x_wconf 86' lang='grc' dir='ltr'>ἔφη</span> <span class='ocrx_word' id='word_1_191' title='bbox 673 2510 684 2579; x_wconf 89' lang='grc' dir='ltr'>ΙΙ</span> <span class='ocrx_word' id='word_1_192' title='bbox 696 2515 738 2580; x_wconf 84' lang='grc' dir='ltr'>τῷ</span> <span class='ocrx_word' id='word_1_193' title='bbox 753 2510 917 2578; x_wconf 85' lang='grc' dir='ltr'>κοπρολόγῳ</span> <span class='ocrx_word' id='word_1_194' title='bbox 929 2506 1042 2577; x_wconf 88' lang='lat' dir='ltr'>(Vespp.</span> <span class='ocrx_word' id='word_1_195' title='bbox 1054 2509 1133 2574; x_wconf 88' lang='lat'>1183)</span> <span class='ocrx_word' id='word_1_196' title='bbox 1144 2506 1203 2560; x_wconf 85' lang='lat' dir='ltr'>iura</span> 
     </span>
     <span class='ocr_line' id='line_1_22' title="bbox 30 2596 1204 2667; baseline -0.003 -15"><span class='ocrx_word' id='word_1_197' title='bbox 30 2600 78 2652; x_wconf 84' lang='lat' dir='ltr'>huc</span> <span class='ocrx_word' id='word_1_198' title='bbox 92 2598 210 2653; x_wconf 81' lang='lat' dir='ltr'>rettulit</span> <span class='ocrx_word' id='word_1_199' title='bbox 223 2597 362 2667; x_wconf 88' lang='lat' dir='ltr'>Hauptius</span> <span class='ocrx_word' id='word_1_200' title='bbox 377 2616 403 2667; x_wconf 91' lang='lat' dir='ltr'>p.</span> <span class='ocrx_word' id='word_1_201' title='bbox 419 2604 479 2656; x_wconf 80' lang='lat'>399.</span> <span class='ocrx_word' id='word_1_202' title='bbox 506 2597 656 2653; x_wconf 84' lang='lat' dir='ltr'>Praeterea</span> <span class='ocrx_word' id='word_1_203' title='bbox 670 2616 743 2667; x_wconf 83' lang='lat' dir='ltr'>quaa</span> <span class='ocrx_word' id='word_1_204' title='bbox 757 2599 889 2667; x_wconf 84' lang='lat' dir='ltr'>leguntur</span> <span class='ocrx_word' id='word_1_205' title='bbox 908 2616 927 2651; x_wconf 88' lang='lat' dir='ltr'>s.</span> <span class='ocrx_word' id='word_1_206' title='bbox 943 2604 1021 2664; x_wconf 85' lang='grc' dir='ltr'>χαῖρε</span> <span class='ocrx_word' id='word_1_207' title='bbox 1039 2596 1123 2663; x_wconf 87' lang='grc' dir='ltr'>φίλον</span> <span class='ocrx_word' id='word_1_208' title='bbox 1141 2601 1204 2663; x_wconf 78' lang='grc' dir='ltr'>φῶ(</span> 
     </span>
     <span class='ocr_line' id='line_1_23' title="bbox 31 2686 1203 2758; baseline -0.002 -17"><span class='ocrx_word' id='word_1_209' title='bbox 31 2688 127 2743; x_wconf 85' lang='lat' dir='ltr'>intima</span> <span class='ocrx_word' id='word_1_210' title='bbox 142 2688 314 2758; x_wconf 73' lang='lat' dir='ltr'>cognatione</span> <span class='ocrx_word' id='word_1_211' title='bbox 324 2687 469 2756; x_wconf 85' lang='lat' dir='ltr'>attingunt</span> <span class='ocrx_word' id='word_1_212' title='bbox 481 2688 589 2756; x_wconf 85' lang='lat' dir='ltr'>lepidas</span> <span class='ocrx_word' id='word_1_213' title='bbox 600 2688 796 2758; x_wconf 79' lang='lat' dir='ltr'>Aristophanis</span> <span class='ocrx_word' id='word_1_214' title='bbox 804 2686 922 2742; x_wconf 78' lang='lat' dir='ltr'>facetias</span> <span class='ocrx_word' id='word_1_215' title='bbox 932 2686 1006 2739; x_wconf 86' lang='lat' dir='ltr'>Plut.</span> <span class='ocrx_word' id='word_1_216' title='bbox 1018 2690 1203 2753; x_wconf 80' lang='grc'>1046-1096,</span> 
     </span>
     <span class='ocr_line' id='line_1_24' title="bbox 30 2776 1226 2847; baseline -0.003 -18"><span class='ocrx_word' id='word_1_217' title='bbox 30 2778 73 2831; x_wconf 87' lang='lat' dir='ltr'>nbi</span> <span class='ocrx_word' id='word_1_218' title='bbox 90 2777 224 2847; x_wconf 81' lang='lat' dir='ltr'>inprimis</span> <span class='ocrx_word' id='word_1_219' title='bbox 243 2776 359 2832; x_wconf 87' lang='lat' dir='ltr'>notandi</span> <span class='ocrx_word' id='word_1_220' title='bbox 377 2796 422 2833; x_wconf 87' lang='lat' dir='ltr'>vv.</span> <span class='ocrx_word' id='word_1_221' title='bbox 439 2783 508 2833; x_wconf 81' lang='grc'>1060</span> <span class='ocrx_word' id='word_1_222' title='bbox 527 2794 587 2847; x_wconf 88' lang='lat' dir='ltr'>sqq.</span> <span class='ocrx_word' id='word_1_223' title='bbox 607 2778 657 2833; x_wconf 88' lang='grc' dir='ltr'>ΝΕ.</span> <span class='ocrx_word' id='word_1_224' title='bbox 672 2779 696 2831; x_wconf 82' lang='lat' dir='ltr'>o</span> <span class='ocrx_word' id='word_1_225' title='bbox 714 2777 930 2831; x_wconf 90' lang='grc' dir='ltr'>ποντοπόεειδον</span> <span class='ocrx_word' id='word_1_226' title='bbox 950 2778 995 2829; x_wconf 81' lang='grc' dir='ltr'>καί</span> <span class='ocrx_word' id='word_1_227' title='bbox 1012 2778 1071 2828; x_wconf 87' lang='grc' dir='ltr'>0εοί</span> <span class='ocrx_word' id='word_1_228' title='bbox 1089 2778 1203 2840; x_wconf 89' lang='grc' dir='ltr'>πρεεβυ-</span> <span class='ocrx_word' id='word_1_229' title='bbox 1222 2834 1226 2841; x_wconf 44' lang='grc'><strong>,</strong></span> 
     </span>
     <span class='ocr_line' id='line_1_25' title="bbox 30 2866 1201 2936; baseline -0.002 -17"><span class='ocrx_word' id='word_1_230' title='bbox 30 2871 106 2935; x_wconf 74' lang='lat' dir='ltr'>sisoi,</span> <span class='ocrx_word' id='word_1_231' title='bbox 131 2871 142 2935; x_wconf 75' lang='grc' dir='ltr'>Ι)</span> <span class='ocrx_word' id='word_1_232' title='bbox 163 2869 193 2921; x_wconf 85' lang='grc' dir='ltr'>ἐν</span> <span class='ocrx_word' id='word_1_233' title='bbox 216 2873 258 2936; x_wconf 87' lang='grc' dir='ltr'>τῷ</span> <span class='ocrx_word' id='word_1_234' title='bbox 280 2869 421 2936; x_wconf 85' lang='grc' dir='ltr'>προεώπῳ</span> <span class='ocrx_word' id='word_1_235' title='bbox 443 2872 502 2921; x_wconf 84' lang='grc' dir='ltr'>τῶν</span> <span class='ocrx_word' id='word_1_236' title='bbox 526 2866 646 2935; x_wconf 80' lang='grc' dir='ltr'>ῥυτίδων</span> <span class='ocrx_word' id='word_1_237' title='bbox 669 2868 734 2921; x_wconf 83' lang='grc' dir='ltr'>δεαε</span> <span class='ocrx_word' id='word_1_238' title='bbox 756 2867 811 2931; x_wconf 83' lang='grc' dir='ltr'>ἔχει</span> <span class='ocrx_word' id='word_1_239' title='bbox 828 2866 839 2935; x_wconf 88' lang='grc' dir='ltr'>Ι</span> <span class='ocrx_word' id='word_1_240' title='bbox 859 2867 904 2919; x_wconf 87' lang='grc' dir='ltr'>ΓΡ.</span> <span class='ocrx_word' id='word_1_241' title='bbox 924 2866 942 2919; x_wconf 81' lang='grc' dir='ltr'>ἅ</span> <span class='ocrx_word' id='word_1_242' title='bbox 965 2866 1091 2934; x_wconf 77' lang='grc' dir='ltr'>ἆΙτὴν</span> <span class='ocrx_word' id='word_1_243' title='bbox 1114 2866 1201 2932; x_wconf 76' lang='grc' dir='ltr'>δᾷδα</span> 
     </span>
     <span class='ocr_line' id='line_1_26' title="bbox 31 2952 1201 3024; baseline -0.004 -13"><span class='ocrx_word' id='word_1_244' title='bbox 31 2958 61 3023; x_wconf 87' lang='grc' dir='ltr'>μή</span> <span class='ocrx_word' id='word_1_245' title='bbox 81 2975 129 3022; x_wconf 91' lang='grc' dir='ltr'>μοι</span> <span class='ocrx_word' id='word_1_246' title='bbox 148 2956 289 3024; x_wconf 85' lang='grc' dir='ltr'>πρδεφερ’</span> <span class='ocrx_word' id='word_1_247' title='bbox 308 2959 365 3012; x_wconf 87' lang='grc' dir='ltr'>κτλ.</span> <span class='ocrx_word' id='word_1_248' title='bbox 385 2957 414 3011; x_wconf 81' lang='lat' dir='ltr'>et</span> <span class='ocrx_word' id='word_1_249' title='bbox 433 2961 502 3011; x_wconf 82' lang='grc'>1066</span> <span class='ocrx_word' id='word_1_250' title='bbox 521 2958 584 3023; x_wconf 84' lang='grc' dir='ltr'>ὄψει</span> <span class='ocrx_word' id='word_1_251' title='bbox 603 2957 745 3023; x_wconf 86' lang='grc' dir='ltr'>κατάδηλα</span> <span class='ocrx_word' id='word_1_252' title='bbox 759 2961 810 3010; x_wconf 77' lang='grc' dir='ltr'>τοῦ</span> <span class='ocrx_word' id='word_1_253' title='bbox 828 2956 978 3023; x_wconf 86' lang='grc' dir='ltr'>προεώπου</span> <span class='ocrx_word' id='word_1_254' title='bbox 997 2955 1033 3007; x_wconf 90' lang='grc' dir='ltr'>τὰ</span> <span class='ocrx_word' id='word_1_255' title='bbox 1051 2954 1135 3021; x_wconf 83' lang='grc' dir='ltr'>ῥάκη</span> <span class='ocrx_word' id='word_1_256' title='bbox 1156 2952 1201 3022; x_wconf 86' lang='lat' dir='ltr'>(of.</span> 
     </span>
     <span class='ocr_line' id='line_1_27' title="bbox 32 3043 1202 3114; baseline -0.003 -16"><span class='ocrx_word' id='word_1_257' title='bbox 32 3046 143 3100; x_wconf 77' lang='lat' dir='ltr'>Zenobii</span> <span class='ocrx_word' id='word_1_258' title='bbox 164 3048 217 3113; x_wconf 83' lang='grc' dir='ltr'>τὴν</span> <span class='ocrx_word' id='word_1_259' title='bbox 234 3050 285 3099; x_wconf 79' lang='grc' dir='ltr'>τοῦ</span> <span class='ocrx_word' id='word_1_260' title='bbox 306 3047 431 3112; x_wconf 84' lang='grc' dir='ltr'>εώματοε</span> <span class='ocrx_word' id='word_1_261' title='bbox 455 3046 619 3114; x_wconf 85' lang='grc' dir='ltr'>ῥάκωειν).</span> <span class='ocrx_word' id='word_1_262' title='bbox 661 3043 733 3099; x_wconf 84' lang='lat' dir='ltr'>Item</span> <span class='ocrx_word' id='word_1_263' title='bbox 752 3045 848 3099; x_wconf 89' lang='lat' dir='ltr'>statim</span> <span class='ocrx_word' id='word_1_264' title='bbox 868 3060 940 3112; x_wconf 85' lang='lat' dir='ltr'>quas</span> <span class='ocrx_word' id='word_1_265' title='bbox 959 3044 1141 3110; x_wconf 85' lang='lat' dir='ltr'>insequuntur</span> <span class='ocrx_word' id='word_1_266' title='bbox 1158 3059 1202 3096; x_wconf 86' lang='lat' dir='ltr'>vv.</span> 
     </span>
     <span class='ocr_line' id='line_1_28' title="bbox 34 3133 1237 3204; baseline -0.003 -17"><span class='ocrx_word' id='word_1_267' title='bbox 34 3140 96 3189; x_wconf 80' lang='grc'>1014</span> <span class='ocrx_word' id='word_1_268' title='bbox 116 3154 161 3204; x_wconf 83' lang='grc' dir='ltr'>οη.</span> <span class='ocrx_word' id='word_1_269' title='bbox 180 3133 251 3189; x_wconf 84' lang='grc' dir='ltr'>είνυί</span> <span class='ocrx_word' id='word_1_270' title='bbox 270 3136 296 3189; x_wconf 86' lang='lat' dir='ltr'>c&#39;</span> <span class='ocrx_word' id='word_1_271' title='bbox 315 3136 443 3203; x_wconf 82' lang='grc' dir='ltr'>ὑβριετήν</span> <span class='ocrx_word' id='word_1_272' title='bbox 463 3152 529 3202; x_wconf 84' lang='grc' dir='ltr'>φηει</span> <span class='ocrx_word' id='word_1_273' title='bbox 547 3137 592 3188; x_wconf 84' lang='grc' dir='ltr'>καί</span> <span class='ocrx_word' id='word_1_274' title='bbox 610 3136 698 3200; x_wconf 86' lang='grc' dir='ltr'>λέγειν</span> <span class='ocrx_word' id='word_1_275' title='bbox 718 3136 761 3189; x_wconf 84' lang='grc' dir='ltr'>ὅτι</span> <span class='ocrx_word' id='word_1_276' title='bbox 779 3136 790 3204; x_wconf 85' lang='grc' dir='ltr'>ΙΙ</span> <span class='ocrx_word' id='word_1_277' title='bbox 806 3136 890 3189; x_wconf 84' lang='grc' dir='ltr'>πάλαι</span> <span class='ocrx_word' id='word_1_278' title='bbox 913 3135 980 3187; x_wconf 82' lang='grc' dir='ltr'>ποτ’</span> <span class='ocrx_word' id='word_1_279' title='bbox 1004 3135 1073 3199; x_wconf 83' lang='grc' dir='ltr'>ῆεαν</span> <span class='ocrx_word' id='word_1_280' title='bbox 1097 3134 1203 3197; x_wconf 85' lang='grc' dir='ltr'>ἄλκιμοι</span> <span class='ocrx_word' id='word_1_281' title='bbox 1233 3135 1237 3143; x_wconf 86' lang='grc'><em>“</em></span> 
     </span>
     <span class='ocr_line' id='line_1_29' title="bbox 33 3222 934 3294; baseline 0.001 -19"><span class='ocrx_word' id='word_1_282' title='bbox 33 3226 155 3294; x_wconf 83' lang='grc' dir='ltr'>Μιλήειοι</span> <span class='ocrx_word' id='word_1_283' title='bbox 174 3224 253 3278; x_wconf 84' lang='lat' dir='ltr'>facili</span> <span class='ocrx_word' id='word_1_284' title='bbox 271 3223 386 3292; x_wconf 83' lang='lat' dir='ltr'>negotio</span> <span class='ocrx_word' id='word_1_285' title='bbox 405 3224 502 3278; x_wconf 82' lang='lat' dir='ltr'>eadam</span> <span class='ocrx_word' id='word_1_286' title='bbox 521 3222 629 3279; x_wconf 84' lang='lat' dir='ltr'>rationo</span> <span class='ocrx_word' id='word_1_287' title='bbox 649 3222 777 3278; x_wconf 83' lang='lat' dir='ltr'>adhiberi</span> <span class='ocrx_word' id='word_1_288' title='bbox 794 3224 934 3292; x_wconf 83' lang='lat' dir='ltr'>poterant.</span> 
     </span>
    </p>

    <p class='ocr_par' dir='ltr' id='par_1_6' title="bbox 34 3311 1205 3561">
     <span class='ocr_line' id='line_1_30' title="bbox 100 3311 1204 3383; baseline -0.004 -16"><span class='ocrx_word' id='word_1_289' title='bbox 100 3317 129 3383; x_wconf 88' lang='grc'>3)</span> <span class='ocrx_word' id='word_1_290' title='bbox 152 3315 282 3381; x_wconf 84' lang='grc' dir='ltr'>(οφδνδ</span> <span class='ocrx_word' id='word_1_291' title='bbox 307 3318 383 3382; x_wconf 85' lang='grc' dir='ltr'>βοῡε,</span> <span class='ocrx_word' id='word_1_292' title='bbox 410 3315 511 3381; x_wconf 83' lang='grc' dir='ltr'>ἔφαεκε</span> <span class='ocrx_word' id='word_1_293' title='bbox 531 3316 556 3367; x_wconf 87' lang='grc' dir='ltr'>δ’</span> <span class='ocrx_word' id='word_1_294' title='bbox 574 3314 712 3380; x_wconf 83' lang='grc' dir='ltr'>ἀετράβην</span> <span class='ocrx_word' id='word_1_295' title='bbox 739 3312 821 3366; x_wconf 80' lang='grc' dir='ltr'>ἰδών·</span> <span class='ocrx_word' id='word_1_296' title='bbox 850 3314 884 3365; x_wconf 83' lang='grc' dir='ltr'>οὐ</span> <span class='ocrx_word' id='word_1_297' title='bbox 907 3312 1054 3380; x_wconf 86' lang='grc' dir='ltr'>προεήκειν</span> <span class='ocrx_word' id='word_1_298' title='bbox 1073 3311 1151 3379; x_wconf 80' lang='grc' dir='ltr'>αὐτῷ</span> <span class='ocrx_word' id='word_1_299' title='bbox 1170 3312 1204 3364; x_wconf 87' lang='grc' dir='ltr'>τὸ</span> 
     </span>
     <span class='ocr_line' id='line_1_31' title="bbox 35 3398 1205 3471; baseline -0.002 -16"><span class='ocrx_word' id='word_1_300' title='bbox 35 3410 136 3457; x_wconf 83' lang='grc' dir='ltr'>εκεῡοε·</span> <span class='ocrx_word' id='word_1_301' title='bbox 164 3403 237 3457; x_wconf 84' lang='lat' dir='ltr'>undo</span> <span class='ocrx_word' id='word_1_302' title='bbox 257 3403 503 3457; x_wconf 86' lang='lat' dir='ltr'>oon1.Babr.fah.</span> <span class='ocrx_word' id='word_1_303' title='bbox 523 3408 557 3457; x_wconf 86' lang='grc'>66</span> <span class='ocrx_word' id='word_1_304' title='bbox 576 3404 647 3457; x_wconf 86' lang='lat' dir='ltr'>bans</span> <span class='ocrx_word' id='word_1_305' title='bbox 667 3402 823 3471; x_wconf 73' lang='lat' dir='ltr'>explicatur</span> <span class='ocrx_word' id='word_1_306' title='bbox 845 3400 961 3467; x_wconf 84' lang='lat' dir='ltr'>Quintil.</span> <span class='ocrx_word' id='word_1_307' title='bbox 980 3401 1062 3468; x_wconf 83' lang='lat' dir='ltr'>Vll,</span> <span class='ocrx_word' id='word_1_308' title='bbox 1082 3405 1114 3454; x_wconf 94' lang='grc'>21</span> <span class='ocrx_word' id='word_1_309' title='bbox 1135 3398 1205 3455; x_wconf 82' lang='lat' dir='ltr'>&#39;non</span> 
     </span>
     <span class='ocr_line' id='line_1_32' title="bbox 34 3490 812 3561; baseline 0.004 -17"><span class='ocrx_word' id='word_1_310' title='bbox 34 3492 171 3547; x_wconf 87' lang='lat' dir='ltr'>nostrum’</span> <span class='ocrx_word' id='word_1_311' title='bbox 192 3490 285 3559; x_wconf 87' lang='lat' dir='ltr'>inquit</span> <span class='ocrx_word' id='word_1_312' title='bbox 305 3492 397 3545; x_wconf 83' lang='lat' dir='ltr'>‘onus&#39;</span> <span class='ocrx_word' id='word_1_313' title='bbox 417 3490 468 3545; x_wconf 89' lang='lat' dir='ltr'>bos</span> <span class='ocrx_word' id='word_1_314' title='bbox 488 3491 608 3546; x_wconf 82' lang='lat' dir='ltr'>clitellas</span> <span class='ocrx_word' id='word_1_315' title='bbox 627 3495 675 3561; x_wconf 86' lang='lat' dir='ltr'>(so.</span> <span class='ocrx_word' id='word_1_316' title='bbox 695 3491 812 3560; x_wconf 82' lang='lat' dir='ltr'>videns).</span> 
     </span>
    </p>

    <p class='ocr_par' dir='ltr' id='par_1_7' title="bbox 35 3577 1205 4455">
     <span class='ocr_line' id='line_1_33' title="bbox 99 3577 1204 3650; baseline 0.001 -16"><span class='ocrx_word' id='word_1_317' title='bbox 99 3582 128 3649; x_wconf 87' lang='grc'>4)</span> <span class='ocrx_word' id='word_1_318' title='bbox 152 3578 246 3633; x_wconf 84' lang='lat' dir='ltr'>Graux</span> <span class='ocrx_word' id='word_1_319' title='bbox 264 3598 290 3649; x_wconf 91' lang='lat' dir='ltr'>p.</span> <span class='ocrx_word' id='word_1_320' title='bbox 310 3585 371 3647; x_wconf 80' lang='grc'>231,</span> <span class='ocrx_word' id='word_1_321' title='bbox 390 3579 435 3633; x_wconf 87' lang='lat' dir='ltr'>cui</span> <span class='ocrx_word' id='word_1_322' title='bbox 454 3580 639 3650; x_wconf 85' lang='lat' dir='ltr'>adstipulatur</span> <span class='ocrx_word' id='word_1_323' title='bbox 652 3577 782 3635; x_wconf 83' lang='lat' dir='ltr'>Warnkr.</span> <span class='ocrx_word' id='word_1_324' title='bbox 797 3597 824 3649; x_wconf 88' lang='lat' dir='ltr'>p.</span> <span class='ocrx_word' id='word_1_325' title='bbox 839 3584 864 3646; x_wconf 89' lang='lat'>8,</span> <span class='ocrx_word' id='word_1_326' title='bbox 884 3597 918 3635; x_wconf 85' lang='lat' dir='ltr'>ex</span> <span class='ocrx_word' id='word_1_327' title='bbox 937 3579 956 3633; x_wconf 84' lang='lat' dir='ltr'>S</span> <span class='ocrx_word' id='word_1_328' title='bbox 975 3580 1037 3634; x_wconf 87' lang='lat' dir='ltr'>Ald.</span> <span class='ocrx_word' id='word_1_329' title='bbox 1056 3582 1204 3636; x_wconf 84' lang='lat' dir='ltr'>restituen-</span> 
     </span>
     <span class='ocr_line' id='line_1_34' title="bbox 35 3668 1205 3739; baseline 0.003 -17"><span class='ocrx_word' id='word_1_330' title='bbox 35 3670 93 3723; x_wconf 87' lang='lat' dir='ltr'>dum</span> <span class='ocrx_word' id='word_1_331' title='bbox 124 3668 237 3724; x_wconf 86' lang='lat' dir='ltr'>aansuit</span> <span class='ocrx_word' id='word_1_332' title='bbox 265 3669 395 3739; x_wconf 86' lang='grc' dir='ltr'>βαλανίτῃ</span> <span class='ocrx_word' id='word_1_333' title='bbox 416 3671 559 3739; x_wconf 86' lang='grc' dir='ltr'>(βαλάνητι</span> <span class='ocrx_word' id='word_1_334' title='bbox 577 3669 715 3738; x_wconf 86' lang='lat' dir='ltr'>Warnkr.,</span> <span class='ocrx_word' id='word_1_335' title='bbox 743 3672 855 3738; x_wconf 83' lang='lat' dir='ltr'>erroro).</span> <span class='ocrx_word' id='word_1_336' title='bbox 893 3668 948 3722; x_wconf 82' lang='lat' dir='ltr'>Sed</span> <span class='ocrx_word' id='word_1_337' title='bbox 969 3669 1041 3725; x_wconf 82' lang='lat' dir='ltr'>hasa</span> <span class='ocrx_word' id='word_1_338' title='bbox 1064 3687 1097 3725; x_wconf 86' lang='lat' dir='ltr'>ax</span> <span class='ocrx_word' id='word_1_339' title='bbox 1117 3670 1205 3726; x_wconf 84' lang='lat' dir='ltr'>Suida</span> 
     </span>
     <span class='ocr_line' id='line_1_35' title="bbox 36 3758 1203 3831; baseline 0.002 -18"><span class='ocrx_word' id='word_1_340' title='bbox 36 3760 203 3831; x_wconf 84' lang='lat' dir='ltr'>compilator</span> <span class='ocrx_word' id='word_1_341' title='bbox 227 3758 355 3829; x_wconf 83' lang='lat' dir='ltr'>repetiit,</span> <span class='ocrx_word' id='word_1_342' title='bbox 379 3759 428 3813; x_wconf 86' lang='lat' dir='ltr'>ubi</span> <span class='ocrx_word' id='word_1_343' title='bbox 445 3759 542 3814; x_wconf 78' lang='lat' dir='ltr'>eadam</span> <span class='ocrx_word' id='word_1_344' title='bbox 561 3759 694 3828; x_wconf 85' lang='lat' dir='ltr'>leguntur</span> <span class='ocrx_word' id='word_1_345' title='bbox 713 3778 733 3816; x_wconf 91' lang='lat' dir='ltr'>s.</span> <span class='ocrx_word' id='word_1_346' title='bbox 753 3777 778 3813; x_wconf 89' lang='lat' dir='ltr'>v.</span> <span class='ocrx_word' id='word_1_347' title='bbox 798 3760 979 3826; x_wconf 83' lang='grc' dir='ltr'>ἀληλεεμένοε</span> <span class='ocrx_word' id='word_1_348' title='bbox 1003 3759 1067 3825; x_wconf 87' lang='grc' dir='ltr'>βίυε.</span> <span class='ocrx_word' id='word_1_349' title='bbox 1103 3758 1203 3815; x_wconf 84' lang='lat' dir='ltr'>Eusta-</span> 
     </span>
     <span class='ocr_line' id='line_1_36' title="bbox 35 3848 1204 3919; baseline -0.001 -18"><span class='ocrx_word' id='word_1_350' title='bbox 35 3849 104 3903; x_wconf 86' lang='lat' dir='ltr'>thius</span> <span class='ocrx_word' id='word_1_351' title='bbox 118 3851 226 3917; x_wconf 86' lang='lat' dir='ltr'>autom,</span> <span class='ocrx_word' id='word_1_352' title='bbox 240 3849 277 3903; x_wconf 90' lang='lat' dir='ltr'>ad</span> <span class='ocrx_word' id='word_1_353' title='bbox 291 3864 373 3916; x_wconf 82' lang='lat' dir='ltr'>quam</span> <span class='ocrx_word' id='word_1_354' title='bbox 388 3849 524 3917; x_wconf 77' lang='lat' dir='ltr'>provocat</span> <span class='ocrx_word' id='word_1_355' title='bbox 536 3849 757 3916; x_wconf 82' lang='lat' dir='ltr'>Warnkrossius,</span> <span class='ocrx_word' id='word_1_356' title='bbox 771 3849 883 3903; x_wconf 87' lang='lat' dir='ltr'>tantum</span> <span class='ocrx_word' id='word_1_357' title='bbox 894 3848 975 3904; x_wconf 84' lang='lat' dir='ltr'>abest</span> <span class='ocrx_word' id='word_1_358' title='bbox 988 3849 1021 3903; x_wconf 87' lang='lat' dir='ltr'>nt</span> <span class='ocrx_word' id='word_1_359' title='bbox 1034 3848 1147 3919; x_wconf 82' lang='lat' dir='ltr'>ineptae</span> <span class='ocrx_word' id='word_1_360' title='bbox 1161 3848 1204 3901; x_wconf 90' lang='lat' dir='ltr'>illi</span> 
     </span>
     <span class='ocr_line' id='line_1_37' title="bbox 37 3936 1203 4009; baseline 0.001 -18"><span class='ocrx_word' id='word_1_361' title='bbox 37 3940 188 4009; x_wconf 82' lang='lat' dir='ltr'>scripturas</span> <span class='ocrx_word' id='word_1_362' title='bbox 207 3968 242 3977; x_wconf 99' lang='lat'><em>-</em></span> <span class='ocrx_word' id='word_1_363' title='bbox 260 3936 328 3992; x_wconf 83' lang='lat' dir='ltr'>licet</span> <span class='ocrx_word' id='word_1_364' title='bbox 346 3938 432 3993; x_wconf 85' lang='lat' dir='ltr'>etiam</span> <span class='ocrx_word' id='word_1_365' title='bbox 440 3937 591 3994; x_wconf 84' lang='lat' dir='ltr'>Lantsahio</span> <span class='ocrx_word' id='word_1_366' title='bbox 600 3938 653 3992; x_wconf 89' lang='lat' dir='ltr'>vol.</span> <span class='ocrx_word' id='word_1_367' title='bbox 665 3937 692 3991; x_wconf 86' lang='lat'>11</span> <span class='ocrx_word' id='word_1_368' title='bbox 700 3954 727 4006; x_wconf 90' lang='lat' dir='ltr'>p.</span> <span class='ocrx_word' id='word_1_369' title='bbox 741 3943 775 3992; x_wconf 83' lang='grc'>96</span> <span class='ocrx_word' id='word_1_370' title='bbox 793 3937 929 4007; x_wconf 84' lang='lat' dir='ltr'>probatas</span> <span class='ocrx_word' id='word_1_371' title='bbox 946 3970 976 3978; x_wconf 95' lang='lat'>—</span> <span class='ocrx_word' id='word_1_372' title='bbox 992 3938 1088 3993; x_wconf 79' lang='lat' dir='ltr'>faveat</span> <span class='ocrx_word' id='word_1_373' title='bbox 1104 3940 1136 3992; x_wconf 89' lang='lat' dir='ltr'>ut</span> <span class='ocrx_word' id='word_1_374' title='bbox 1154 3938 1203 3992; x_wconf 87' lang='lat' dir='ltr'>ad·</span> 
     </span>
     <span class='ocr_line' id='line_1_38' title="bbox 38 4026 1202 4097; baseline 0.002 -19"><span class='ocrx_word' id='word_1_375' title='bbox 38 4031 160 4083; x_wconf 83' lang='lat' dir='ltr'>versatur</span> <span class='ocrx_word' id='word_1_376' title='bbox 183 4026 290 4096; x_wconf 87' lang='lat' dir='ltr'>potius;</span> <span class='ocrx_word' id='word_1_377' title='bbox 318 4026 387 4080; x_wconf 84' lang='lat' dir='ltr'>dicit</span> <span class='ocrx_word' id='word_1_378' title='bbox 405 4026 480 4080; x_wconf 84' lang='lat' dir='ltr'>anim</span> <span class='ocrx_word' id='word_1_379' title='bbox 505 4027 541 4081; x_wconf 88' lang='lat' dir='ltr'>ad</span> <span class='ocrx_word' id='word_1_380' title='bbox 560 4026 610 4080; x_wconf 84' lang='lat' dir='ltr'>od.</span> <span class='ocrx_word' id='word_1_381' title='bbox 629 4045 646 4080; x_wconf 92' lang='grc' dir='ltr'>τ</span> <span class='ocrx_word' id='word_1_382' title='bbox 666 4032 716 4080; x_wconf 89' lang='grc'>166</span> <span class='ocrx_word' id='word_1_383' title='bbox 736 4045 763 4096; x_wconf 88' lang='lat' dir='ltr'>p.</span> <span class='ocrx_word' id='word_1_384' title='bbox 785 4032 852 4081; x_wconf 84' lang='grc'>1869</span> <span class='ocrx_word' id='word_1_385' title='bbox 872 4053 906 4071; x_wconf 91' lang='lat'>=</span> <span class='ocrx_word' id='word_1_386' title='bbox 925 4027 957 4081; x_wconf 87' lang='lat'>11.</span> <span class='ocrx_word' id='word_1_387' title='bbox 976 4029 997 4081; x_wconf 91' lang='grc' dir='ltr'>Χ</span> <span class='ocrx_word' id='word_1_388' title='bbox 1016 4033 1068 4083; x_wconf 91' lang='grc'>126</span> <span class='ocrx_word' id='word_1_389' title='bbox 1086 4046 1113 4097; x_wconf 92' lang='lat' dir='ltr'>p.</span> <span class='ocrx_word' id='word_1_390' title='bbox 1134 4032 1202 4081; x_wconf 90' lang='grc'>1262</span> 
     </span>
     <span class='ocr_line' id='line_1_39' title="bbox 39 4116 1202 4185; baseline -0.003 -14"><span class='ocrx_word' id='word_1_391' title='bbox 39 4118 72 4172; x_wconf 85' lang='grc' dir='ltr'>είε</span> <span class='ocrx_word' id='word_1_392' title='bbox 89 4121 120 4173; x_wconf 83' lang='grc' dir='ltr'>δὲ</span> <span class='ocrx_word' id='word_1_393' title='bbox 139 4119 174 4173; x_wconf 89' lang='grc' dir='ltr'>τὸ</span> <span class='ocrx_word' id='word_1_394' title='bbox 194 4117 250 4170; x_wconf 80' lang='grc' dir='ltr'>ἀπὸ</span> <span class='ocrx_word' id='word_1_395' title='bbox 268 4117 351 4183; x_wconf 86' lang='grc' dir='ltr'>δρυὸε</span> <span class='ocrx_word' id='word_1_396' title='bbox 371 4116 440 4169; x_wconf 77' lang='grc' dir='ltr'>εἶναι</span> <span class='ocrx_word' id='word_1_397' title='bbox 463 4118 705 4185; x_wconf 86' lang='grc' dir='ltr'>πραεενθυμητέον</span> <span class='ocrx_word' id='word_1_398' title='bbox 727 4118 758 4170; x_wconf 81' lang='grc' dir='ltr'>ἐκ</span> <span class='ocrx_word' id='word_1_399' title='bbox 780 4122 838 4171; x_wconf 79' lang='grc' dir='ltr'>τῶν</span> <span class='ocrx_word' id='word_1_400' title='bbox 861 4120 997 4171; x_wconf 84' lang='grc' dir='ltr'>παλαιῶν</span> <span class='ocrx_word' id='word_1_401' title='bbox 1009 4120 1054 4170; x_wconf 76' lang='grc' dir='ltr'>καὶ</span> <span class='ocrx_word' id='word_1_402' title='bbox 1072 4119 1122 4170; x_wconf 89' lang='grc' dir='ltr'>τὸν</span> <span class='ocrx_word' id='word_1_403' title='bbox 1142 4159 1148 4172; x_wconf 91' lang='grc'><strong>.</strong></span> <span class='ocrx_word' id='word_1_404' title='bbox 1168 4159 1174 4170; x_wconf 95' lang='grc'>.</span> <span class='ocrx_word' id='word_1_405' title='bbox 1195 4155 1202 4168; x_wconf 94' lang='grc'><strong>.</strong></span> 
     </span>
     <span class='ocr_line' id='line_1_40' title="bbox 39 4205 1202 4275; baseline -0.001 -15"><span class='ocrx_word' id='word_1_406' title='bbox 39 4208 182 4275; x_wconf 78' lang='grc' dir='ltr'>βαλανίπην</span> <span class='ocrx_word' id='word_1_407' title='bbox 204 4206 262 4273; x_wconf 88' lang='grc' dir='ltr'>βίον</span> <span class='ocrx_word' id='word_1_408' title='bbox 286 4205 331 4274; x_wconf 84' lang='lat' dir='ltr'>(of.</span> <span class='ocrx_word' id='word_1_409' title='bbox 352 4206 411 4273; x_wconf 87' lang='grc' dir='ltr'>βίον</span> <span class='ocrx_word' id='word_1_410' title='bbox 428 4208 595 4274; x_wconf 82' lang='grc' dir='ltr'>ἀκανθώδη),</span> <span class='ocrx_word' id='word_1_411' title='bbox 615 4208 646 4260; x_wconf 89' lang='grc' dir='ltr'>δε</span> <span class='ocrx_word' id='word_1_412' title='bbox 663 4208 778 4273; x_wconf 83' lang='grc' dir='ltr'>ὕετερον</span> <span class='ocrx_word' id='word_1_413' title='bbox 792 4207 824 4261; x_wconf 80' lang='grc' dir='ltr'>ἐξ</span> <span class='ocrx_word' id='word_1_414' title='bbox 896 4208 1057 4274; x_wconf 82' lang='grc' dir='ltr'>εδρέεεωε</span> <span class='ocrx_word' id='word_1_415' title='bbox 1080 4207 1202 4260; x_wconf 82' lang='grc' dir='ltr'>ἀλετοῦ</span> 
     </span>
     <span class='ocr_line' id='line_1_41' title="bbox 41 4292 1204 4364; baseline 0.001 -15"><span class='ocrx_word' id='word_1_416' title='bbox 41 4296 164 4364; x_wconf 80' lang='grc' dir='ltr'>ἐξήνεγκε</span> <span class='ocrx_word' id='word_1_417' title='bbox 192 4295 339 4363; x_wconf 78' lang='grc' dir='ltr'>παροιμίαν</span> <span class='ocrx_word' id='word_1_418' title='bbox 362 4298 429 4364; x_wconf 83' lang='grc' dir='ltr'>τὴν,</span> <span class='ocrx_word' id='word_1_419' title='bbox 459 4296 685 4363; x_wconf 85' lang='grc' dir='ltr'>ἀληλεεμένον</span> <span class='ocrx_word' id='word_1_420' title='bbox 713 4295 785 4361; x_wconf 84' lang='grc' dir='ltr'>βίον</span> <span class='ocrx_word' id='word_1_421' title='bbox 807 4298 850 4364; x_wconf 78' lang='grc' dir='ltr'>ζῇ.</span> <span class='ocrx_word' id='word_1_422' title='bbox 894 4294 949 4349; x_wconf 78' lang='lat' dir='ltr'>Sed</span> <span class='ocrx_word' id='word_1_423' title='bbox 971 4292 1023 4349; x_wconf 80' lang='lat' dir='ltr'>tali</span> <span class='ocrx_word' id='word_1_424' title='bbox 1045 4294 1106 4349; x_wconf 77' lang='lat'>1000</span> <span class='ocrx_word' id='word_1_425' title='bbox 1129 4294 1204 4350; x_wconf 84' lang='lat' dir='ltr'>mals</span> 
     </span>
     <span class='ocr_line' id='line_1_42' title="bbox 40 4384 760 4455; baseline -0.003 -16"><span class='ocrx_word' id='word_1_426' title='bbox 40 4385 180 4441; x_wconf 78' lang='lat' dir='ltr'>intellecto</span> <span class='ocrx_word' id='word_1_427' title='bbox 201 4400 276 4438; x_wconf 82' lang='lat' dir='ltr'>error</span> <span class='ocrx_word' id='word_1_428' title='bbox 294 4386 372 4439; x_wconf 86' lang='lat' dir='ltr'>ortus</span> <span class='ocrx_word' id='word_1_429' title='bbox 391 4386 434 4439; x_wconf 85' lang='lat' dir='ltr'>ast</span> <span class='ocrx_word' id='word_1_430' title='bbox 452 4384 498 4455; x_wconf 86' lang='lat' dir='ltr'>[of.</span> <span class='ocrx_word' id='word_1_431' title='bbox 518 4384 638 4440; x_wconf 79' lang='lat' dir='ltr'>Sohosll.</span> <span class='ocrx_word' id='word_1_432' title='bbox 657 4401 683 4453; x_wconf 91' lang='lat' dir='ltr'>p.</span> <span class='ocrx_word' id='word_1_433' title='bbox 704 4385 760 4455; x_wconf 81' lang='grc'>62].</span> 
     </span>
    </p>
   </div>
   <div class='ocr_carea' id='block_1_4' title="bbox 0 0 1484 5050">
    <p class='ocr_par' dir='ltr' id='par_1_8' title="bbox 0 0 1484 5050">
     <span class='ocr_line' id='line_1_43' title="bbox 0 0 1484 5050; baseline 0 0"><span class='ocrx_word' id='word_1_434' title='bbox 0 0 1484 5050; x_wconf 95' lang='lat' dir='ltr'> </span> 
     </span>
    </p>
   </div>
  </div>
 </body>
</html>
