2925 5050
700 305 938 370 -146-

326 460 396 527 *95
421 465 600 543 Μεγαρέων
623 465 754 543 δάκρυα,
777 464 833 527 ubi
857 468 943 527 certe
968 464 1068 527 simili
1086 464 1213 529 ratione
1232 462 1406 529 Damonem
1449 528 1450 531 ,

239 569 422 654 disputasse
450 570 658 654 consequitur
683 593 719 634 ex
745 570 859 635 scholl.
882 569 974 634 Pind.
997 570 1090 635 Nem.
1115 570 1179 636 VII
1206 571 1269 635 155
1292 594 1326 655 p.
1349 572 1407 635 485
1449 578 1450 589 ¹

236 676 272 740 Β.
297 677 464 762 Aristoph.
483 676 587 742 Rann.
606 678 672 743 439
696 702 727 763 p.
750 679 815 745 288
839 677 922 743 Dbn.
944 708 985 731 ιτ
1005 678 1044 744 fr.
1068 680 1088 741 9
1113 679 1156 743 M.
1175 702 1206 762 p.
1227 678 1270 741 20
1295 675 1406 761 Sicut

326 785 368 849 99
393 786 476 850 Τοὺς
501 785 600 851 Κόςςα
624 785 757 863 λόγουςε
786 807 887 871 genus
917 785 1044 850 dicendi
1070 789 1105 850 et
1133 785 1307 851 enarrandi
1330 785 1408 849 ratio

236 890 446 959 Demoniana
498 959 502 964 ,

325 999 437 1065 Etiam
469 1002 595 1081 mimae
624 1000 817 1065 conlationis
844 998 948 1063 Demo
982 1020 1119 1084 magnas
1155 999 1256 1063 habet
1292 995 1408 1084 partes.

325 1106 456 1173 Excidit
485 1108 649 1171 sententia
676 1107 745 1171 eius
770 1105 854 1170 *la
883 1107 928 1170 Τὸ
952 1107 1156 1184 Δωδωναῖον
1180 1110 1348 1185 χαλκεῖονε
1374 1105 1407 1169 cl.

236 1211 348 1299 Steph.
372 1213 450 1299 Byz.
474 1215 503 1280 ἶ).
549 1214 699 1294 Δωδώνη
715 1244 757 1265 =
773 1212 812 1277 fr.
839 1214 877 1277 17
901 1212 945 1277 M.
969 1236 997 1297 p.
1022 1215 1064 1295 28
1089 1212 1174 1277 Sieb.

324 1321 379 1386 18
403 1320 560 1404 Ἐμβαρός
583 1322 644 1402 εἰμι
668 1318 724 1408 (cf.
744 1319 830 1385 Suid.
855 1342 878 1385 a.
902 1318 960 1405 v.):
984 1342 1090 1385 sermo
1109 1320 1344 1401 DemonianuS‚
1367 1319 1406 1381 f-

235 1427 334 1512 bella
353 1428 392 1492 de
407 1451 472 1512 qua
484 1429 524 1493 cf.
538 1427 768 1493 Wilamowitz.
788 1425 859 1491 ‘aus
877 1425 1065 1511 Kydathen'
1085 1450 1116 1511 p.
1131 1426 1206 1511 237,
1224 1426 1406 1513 fragmento

237 1535 257 1598 8
281 1532 325 1598 M.
345 1532 402 1620 (=
422 1534 541 1601 Zenob.
562 1533 598 1599 M
620 1532 654 1597 Π
679 1531 745 1620 19),
774 1533 847 1597 aliis
872 1533 1040 1599 simillima
1064 1529 1119 1620 (cf.
1143 1532 1184 1597 ad
1205 1532 1239 1597 Π
1263 1532 1340 1619 42),
1362 1554 1406 1595 res

237 1664 348 1707 sacrae
372 1665 492 1727 eaeque
516 1641 765 1707 Atheniensium
790 1624 1008 1725 respiciuntur
1031 1639 1085 1725 (cf.
1109 1640 1151 1704 ad
1173 1639 1206 1705 Il
1230 1638 1298 1727 30).

325 1748 489 1815 Incertum
521 1750 575 1832 17,
606 1748 692 1832 quod
718 1747 919 1813 Dicaearcho
947 1746 1180 1812 vindicaverim
1212 1747 1347 1813 conlato
1373 1744 1407 1809 f.

241 1858 280 1922 13
303 1857 356 1940 M„
379 1862 416 1922 ut
441 1858 481 1922 16
506 1856 576 1921 ἅλις
599 1857 696 1935 δρυὸς
720 1855 851 1920 conlato
874 1853 913 1919 fr.
941 1856 966 1919 1.

326 1965 364 2029 18
387 1964 491 2029 Ἁλῶν
513 1966 549 2028 δὲ
568 1963 690 2043 φόρτος
709 1964 788 2026 urla
811 1960 1057 2025 narratiuncula
1081 1962 1178 2046 plane
1196 1960 1405 2035 Dammana,

233 2092 292 2135 nec
327 2070 418 2135 deest
445 2071 490 2134 ὥς
520 2090 630 2153 φαςιν;
659 2068 764 2133 altera
788 2089 916 2152 quoque
944 2067 1118 2153 explicatio
1142 2066 1167 2133 Ο
1195 2069 1237 2133 21
1259 2099 1303 2121 =
1323 2065 1404 2131 Suid.

234 2182 372 2257 servata,
396 2178 512 2243 adres
537 2176 663 2241 Atticas
686 2175 745 2239 illa
768 2178 928 2260 spectans,
950 2175 1130 2241 Demonam
1153 2175 1250 2261 sapit.
1449 2254 1450 2261 ἶ

321 2282 452 2349 Incerta
479 2283 523 2348 25
555 2280 648 2368 (nota
679 2284 732 2348 ἐπὶ
760 2283 870 2349 τοίνυν
896 2286 1049 2350 τῶν...
1072 2272 1184 2363 καιρὸν
1211 2280 1335 2369 ἔςχεν),
1366 2280 1403 2344 28
1449 2268 1450 2351 l

235 2389 331 2475 (nota
353 2389 564 2456 ἀπαντῶντα(
588 2387 718 2475 λέγειν).

322 2497 366 2562 30
393 2498 517 2577 atoue
547 2499 645 2575 Κᾶρες
677 2500 760 2563 κτλ.;
794 2497 898 2562 altera
931 2497 1104 2583 explicatio
1133 2520 1153 2562 a
1179 2495 1339 2582 Didymo,
1370 2497 1403 2558 ut

233 2603 369 2689 videtur,
388 2600 555 2690 explosa²)
574 2607 608 2668 et
625 2607 760 2688 propter
780 2607 1010 2689 argumentum
1024 2608 1057 2668 et
1070 2607 1206 2688 propter
1224 2623 1401 2670 sermonem
1448 2627 1449 2704 p

232 2708 278 2794 (οἱ
303 2712 402 2790 Κᾶρές
425 2732 504 2776 ποτε
533 2713 629 2791 μέρος
652 2715 708 2790 τῆς
731 2708 896 2790 Ἀττικῆς
919 2713 1082 2792 κατέςχον.
1104 2712 1156 2775 καὶ
1180 2709 1213 2776 εἴ
1236 2732 1332 2776 ποτε
1448 2705 1449 2730 ³

232 2816 265 2882 οἱ
287 2816 494 2882 ἀπαντῶντες
517 2817 686 2884 παίζοντες
708 2816 839 2897 ἔλεγον)
862 2814 1002 2882 Demoni
1025 2821 1076 2882 est
1099 2816 1301 2884 vindicanda

321 2923 362 2987 31
384 2943 467 3007 quae
481 2923 520 2986 de
535 2927 611 3003 βοῦς
630 2924 727 3004 ἐπέβη
748 2923 958 3007 disputantur
974 2923 1010 2987 in
1028 2924 1219 2990 memoriam
1237 2945 1299 2990 nos
1318 2943 1401 2988 revo-

231 3034 309 3095 cant
332 3051 444 3096 eorum
468 3030 583 3114 quibus
607 3030 707 3106 γλαὺξ
731 3030 776 3094 εἰς
800 3028 938 3110 Ἀθήνας
961 3029 1066 3096 Demo
1090 3031 1245 3096 inlustrat
1267 3028 1301 3095 Π
1325 3030 1372 3094 12.
1447 3017 1448 3081 l

321 3137 388 3202 *34
416 3135 568 3216 Ἐςχατος
598 3139 730 3202 Μνςῶνι
762 3140 812 3200 est
843 3135 882 3202 fr.
912 3139 956 3202 20
980 3136 1031 3221 M.²
1064 3137 1155 3210 cuius
1183 3157 1303 3223 magna
1329 3155 1399 3222 pars

230 3242 408 3327 intercidit,
431 3242 471 3309 cf.
495 3243 609 3309 scholl.
632 3240 707 3307 vat.
731 3241 830 3308 Rhea.
856 3240 965 3328 144:³)
990 3243 1046 3327 qui
1069 3243 1160 3309 locus
1175 3245 1398 3330 ¹amplissimus

230 3347 407 3415 Milleriani
434 3349 466 3413 II
492 3351 508 3414 l
534 3350 630 3435 plane
659 3349 807 3435 geminus
836 3349 1027 3433 aptissimus
1056 3352 1106 3413 est
1134 3350 1218 3415 unde
1249 3347 1398 3416 Damonis
1446 3351 1447 3354 ’

230 3455 397 3541 ingenium
417 3457 642 3540 scribendique
662 3477 764 3542 genus
786 3477 974 3541 cognoscas,
998 3457 1037 3523 cf.
1053 3455 1284 3524 Schneidewin.
1298 3483 1329 3544 p.
1347 3451 1397 3521 IX.

231 3561 410 3627 Damonem
434 3588 454 3628 a
472 3553 615 3649 Didymo
640 3565 805 3649 repulsam
828 3563 945 3628 tulisse
968 3586 1068 3650 supra
1090 3563 1239 3631 vidimur.
1445 3647 1446 3658 ἵ

320 3671 362 3734 39
385 3669 471 3736 Ὅςα
491 3674 560 3737 Μῦς
579 3673 616 3736 ἑν
634 3671 746 3756 Πίςςῃ;
765 3672 973 3757 proverbium
992 3673 1034 3736 ab
1053 3671 1189 3737 animali
1206 3675 1294 3738 recte
1314 3691 1396 3756 repe·
1445 3659 1446 3667 ¹

229 3823 442 3833 ——u—

303 3900 329 3968 1)
350 3897 390 3954 cf.
410 3899 485 3969 Tyrt
504 3901 537 3959 fr.
557 3908 572 3957 ‘1
592 3919 619 3970 p.
640 3906 674 3956 12
693 3899 791 3972 ng.⁴‚
814 3901 864 3956 ubi
882 3902 958 3956 idem
976 3901 1034 3958 fere
1054 3902 1089 3958 do
1107 3901 1253 3958 Messeniis
1271 3901 1393 3958 traditur.

228 3988 301 4041 Hinc
319 3988 439 4042 maereo
458 3990 599 4058 ςκορὸὁων
618 3992 784 4058 Μεγαρικῶν
801 3991 878 4044 laus:
903 3990 1034 4062 Mueller,
1055 3991 1144 4047 ‘Dor’
1165 3990 1206 4046 111
1223 4008 1251 4060 p.
1271 3994 1323 4044 859
1341 3987 1392 4042 not·

299 4079 326 4144 2)
347 4075 388 4132 Cf.
407 4093 479 4144 quae
498 4079 677 4148 exposuimus
695 4098 723 4148 p.
744 4086 785 4134 49.

302 4167 334 4235 3)
352 4164 459 4220 Ultima
484 4167 535 4223 illa
556 4168 622 4223 inde
645 4170 682 4223 ab
705 4168 753 4223 εἰςὶ
776 4171 807 4222 δὲ
830 4169 857 4222 οἱ
878 4185 935 4224 non
959 4166 1017 4222 sine
1042 4167 1102 4223 veri
1126 4167 1218 4238 specie
1241 4167 1392 4222 aDemone
1443 4199 1444 4228 ρ

230 4254 406 4309 abiudicavit
423 4255 596 4311 Warnlrross.
621 4276 647 4326 p.
666 4262 701 4311 49
725 4258 791 4312 adn.
812 4264 858 4322 983
886 4258 982 4311 tamen
1004 4273 1067 4311 cum
1091 4273 1142 4312 uec
1165 4253 1277 4312 dicendi
1299 4268 1391 4327 genere
1443 4237 1444 4254 ¹

227 4359 279 4396 nec
297 4346 465 4413 argumento
484 4346 578 4400 aliena
596 4346 652 4400 sint
670 4364 689 4400 a
701 4345 835 4401 Damonis
854 4345 962 4414 studiis,
982 4345 1058 4400 haud
1072 4345 1129 4402 ecio
1143 4362 1180 4400 an
1192 4345 1256 4417 pari
1269 4341 1390 4416 probabi·

207 4457 210 4461 ²
227 4430 309 4486 litate
329 4433 454 4503 adeoque
473 4435 579 4488 maiore
598 4434 804 4490 Schneidewini
823 4436 861 4490 sit
879 4434 1019 4490 sententia
1037 4437 1177 4491 contraria
1195 4438 1233 4506 (p.
1252 4435 1310 4506 IX).
