2925 5050
671 234 910 300 *152-

198 401 232 463 la
255 397 379 463 houehe
402 399 536 461 tournee
560 419 596 461 oe
616 396 671 479 qui
694 395 801 481 perdit
819 395 850 459 le
870 394 1016 459 difforme
1032 391 1185 459 Socrate?
1194 391 1219 480 ¹)
1245 392 1372 459 Mirum
1447 448 1452 470 Ι,

199 505 282 570 illud
305 506 465 584 δίμορφον
489 503 542 568 vix
566 506 616 567 est
640 502 847 567 mutandum:
871 524 948 565 narn
976 498 1101 592 Socrati
1123 505 1169 584 τῷ
1190 502 1373 580 ςειληνώδει
1446 572 1450 576 Δ

200 617 313 698 πρίαιο
337 615 387 675 est
416 610 584 696 epitheton
608 632 671 693 quo
695 607 849 673 Centauri
881 607 1055 694 Giganteo,
1083 605 1230 675 Bacchus
1255 608 1372 687 ταυρό-
1450 658 1452 665 ,

199 739 325 800 μορφος
344 715 488 804 (Firmic.
505 715 587 781 Mat.
607 740 639 802 p.
658 717 708 780 30·
720 714 772 780 B.:
792 714 956 806 v.Bergk.
977 716 1053 799 lyrr.
1073 713 1126 777 Gr.
1146 710 1261 797 111⁴p.
1282 713 1376 797 658),
1438 696 1442 716 ⁶

199 827 265 891 alia
290 831 437 891 monstra
457 822 566 912 (Voss.
586 824 734 909 ‘mythol
754 821 873 887 Briefe’
896 822 930 885 ΙΙ
953 846 985 908 p.
1004 824 1047 887 22
1062 844 1118 906 sq„
1141 820 1293 885 Welelrer
1315 820 1373 906 ‘gr
1433 737 1444 924 i

200 930 370 997 Goetterl.'
394 930 444 994 IlI
471 930 546 1016 108)
577 931 686 995 ornari
714 931 832 996 solent.
867 927 1030 993 Versiculi
1053 928 1093 992 ad
1117 928 1270 993 Meleturn
1293 928 1376 991 refe·
1438 927 1444 970 ³

199 1040 293 1105 rendi
316 1042 392 1103 sunt
414 1061 434 1100 a
456 1035 589 1101 eomieis
613 1036 726 1101 erebro
751 1035 956 1121 castigatum.
1451 1114 1452 1117 Ἴ

289 1146 323 1210 Μ
350 1144 384 1209 ΙΙ
415 1145 458 1208 49
490 1145 545 1209 Ὡς
578 1144 638 1223 οὐχ
671 1144 827 1223 ὑπάρχων
860 1142 944 1208 ἀλλὰ
976 1143 1226 1223 τιμωρούμενος·
1257 1142 1377 1222 ταύτης
1451 1198 1452 1213 ,

134 1261 136 1264 ’
201 1257 353 1334 μέμνηται
379 1253 569 1331 Μένανδρος
593 1252 628 1316 ἐν
652 1249 811 1334 Ὀλυνθίᾳ.
1113 1308 1115 1315 ,
1451 1294 1452 1332 3

291 1359 392 1423 Addit
407 1357 521 1422 Suidas
541 1357 678 1436 ὁςτίχος
698 1360 732 1423 δέ
753 1358 817 1422 ἑςτι
834 1358 1032 1436 Χαιρήμονος
1047 1356 1082 1421 ἐκ
1098 1356 1259 1436 Θερείτου,
1273 1354 1377 1421 Athe-

201 1489 303 1533 naeus
326 1490 355 1549 p.
370 1464 446 1530 612
471 1464 497 1528 F
522 1444 711 1551 (Didymuh)
740 1463 932 1528 Aristarcho
958 1462 1095 1547 Tragion
1125 1486 1199 1527 eurn
1226 1463 1377 1528 vindieat.

138 1594 141 1598 ’
202 1575 291 1649 Quae
311 1571 500 1637 testimonia
522 1570 618 1635 facile
641 1570 727 1635 inter
752 1593 786 1635 se
805 1570 1028 1655 conciliantur,
1052 1570 1080 1633 si
1100 1568 1282 1634 Aristarchi
1307 1592 1375 1635 ver·

203 1675 277 1745 ssrn
301 1704 321 1744 a
339 1678 559 1744 Chaeremone
583 1678 631 1763 (in
651 1678 787 1764 satyris)
807 1681 840 1742 et
858 1676 1040 1743 Menandro
1061 1678 1102 1741 ad
1121 1677 1264 1763 lepidum
1283 1698 1378 1763 argu-

203 1791 349 1853 mentum
373 1786 570 1850 translatum
594 1808 665 1849 esse
689 1784 873 1852 statuimus.

290 1893 329 1955 M
350 1892 383 1956 Π
403 1893 447 1957 50
469 1893 616 1973 Τήνελλα
635 1891 759 1978 (inepte
779 1894 837 1971 τὴν
856 1890 992 1956 Ἑλλάδα
1011 1890 1057 1975 M,
1077 1890 1117 1956 of.
1138 1914 1237 1976 supra
1256 1914 1285 1975 p.
1306 1886 1378 1976 61)

206 2008 302 2067 τοῦτο
327 1998 516 2080 ςυμβολικόν
539 2000 615 2065 ἐςτι·
643 2001 718 2081 φηςὶ
742 2000 777 2063 δὲ
801 1997 989 2079 Ἀριςτείδης
1013 1998 1201 2079 Ἀρχιλόχου
1225 1998 1379 2064 εἶναικαὶ

204 2109 365 2188 ςημαίνειν
402 2109 460 2186 τὴν
497 2108 533 2172 ἐν
570 2112 638 2172 τοῖς
675 2104 773 2184 ἀχῶςι
812 2106 915 2185 νίκην·
952 2106 1070 2185 μίμημα
1106 2106 1167 2185 γὰρ
1206 2104 1284 2171 εἶναι
1323 2109 1379 2169 τοῦ
1446 2168 1448 2191 Ἴ,

204 2217 375 2295 αὐλητικοῦ
389 2214 566 2293 ἐνδοςίμου.
1442 2191 1446 2201 ¹

294 2304 514 2385 Lemma'non
537 2320 670 2404 plenum
688 2320 833 2385 videtur:
858 2320 961 2405 ipsius
977 2318 1167 2385 Archilochi
1190 2341 1304 2384 versus
1328 2317 1379 2404 (fr.
1451 2404 1452 2407 Ἴ

207 2428 284 2513 119)
309 2426 434 2492 omissi:
464 2424 503 2489 ef.
527 2422 647 2510 Bergk.
670 2426 747 2510 lyrr.
772 2426 826 2491 Gr.
851 2422 902 2489 Π4
926 2450 957 2511 p.
976 2427 1056 2504 418,
1087 2426 1142 2489 uhi
1166 2426 1277 2491 omnia
1299 2447 1377 2510 quae
1451 2478 1452 2481 ,

204 2537 268 2600 hue
297 2533 483 2618 pertineant
511 2531 685 2616 diligenter
717 2538 793 2596 sunt
821 2532 1013 2618 composita.
1058 2533 1106 2596 De
1135 2532 1295 2617 Aristide,
1326 2531 1377 2616 qui

204 2664 257 2706 res
286 2640 460 2705 historicas
488 2642 631 2704 tractare
661 2640 795 2724 soleret,
823 2640 1062 2705 dubitationem
1086 2639 1257 2706 attulimus
1281 2664 1312 2724 p.
1337 2640 1374 2702 79
1451 2723 1452 2726 Ἴ

208 2748 492 2830 coniecturamque
514 2745 650 2810 fecimus
675 2745 713 2810 de
737 2746 959 2831 Aristophane
984 2747 1209 2830 grammatico.

294 2852 333 2915 M
354 2853 453 2918 1151
484 2851 621 2933 Βέβληκ’
648 2851 810 2933 Ἀχιλλεὺς
839 2855 897 2919 δύο
921 2854 1007 2934 κύβω
1031 2855 1083 2918 καὶ
1112 2855 1261 2933 τέτταρα·
1289 2850 1379 2919 τοῦτ’

207 2961 377 3041 Εὐριπίδου
405 2961 488 3024 ἐςτίν
512 2958 567 3045 (fr.
589 2959 651 3024 ino.
675 2961 741 3024 880
763 2960 838 3025 Ddf.
862 2958 926 3046 Ν.).
977 2961 1029 3026 καί
1052 2960 1265 3040 Ἀριςτόξενος
1290 2960 1377 3048 (nun

153 3051 158 3058 ’
204 3067 458 3148 ,Αριςτοφάνηςί
486 3064 525 3130 of.
553 3090 584 3150 p.
615 3064 669 3152 79)
699 3069 734 3132 δέ
765 3087 873 3146 φηςιν,
901 3066 950 3131 ὅτι
974 3067 1140 3147 Εὐριπίδης
1164 3072 1303 3146 διορθῶν
1325 3067 1378 3131 τὸν

215 3176 366 3256 Τήλεφον
398 3175 500 3240 ἐξεῖλε
532 3175 590 3251 τὴν
622 3173 780 3238 πεττείαν.

301 3280 435 3345 Addunt
462 3278 535 3343 VB
565 3280 630 3344 260
654 3282 780 3357 λέγεται
800 3282 835 3345 δὲ
860 3282 1001 3347 ἐπὶτῶν
1025 3280 1240 3362 ἀδιανοήτων;
1266 3283 1378 3366 quibus

209 3388 318 3454 verbis
332 3388 358 3450 P
373 3386 406 3449 Π
421 3386 464 3451 85
478 3386 690 3472 interpolavit
701 3383 972 3453 Schneidewinua
1003 3388 1054 3452 Ad
1065 3389 1200 3453 eundern
1216 3393 1375 3454 auotorern

210 3492 416 3582 (Didymum)
436 3493 571 3556 redeunt
590 3487 689 3557 etiam
709 3492 824 3558 scholl.
839 3494 1006 3578 Aristoph.
1025 3494 1128 3560 Rann.
1151 3496 1237 3560 1400
1255 3497 1300 3580 (p.
1320 3495 1376 3560 311

210 3600 337 3665 Duebn.
361 3599 443 3664 eonl.
466 3622 496 3683 p.
520 3599 600 3684 537)
628 3598 831 3679 Ἀρίςταρχός
860 3621 954 3680 φηςιν
978 3600 1162 3666 ἀδεςπότως
1185 3607 1283 3666 τοῦτο
1307 3623 1377 3681 προ-

211 3712 363 3789 φέρεςθαι
393 3705 467 3790 (ser.
495 3728 603 3786 περιφ.
633 3704 952 3792 οιιιιι8ο1ιιιοίιίοντ.),
981 3707 1025 3772 ὡς
1054 3709 1222 3788 Εὐριπίδου
1251 3729 1377 3785 πεποιη-

209 3815 300 3882 κότες
333 3813 527 3894 κυβεύοντας
560 3814 596 3879 ἐν
623 3819 669 3898 τῷ
697 3814 852 3898 Τηλέφῳ,
885 3816 941 3879 οὓς
970 3815 1021 3880 καὶ
1045 3819 1234 3895 περιεῖλε·
1268 3810 1378 3897 μήποτ’

284 4008 309 4073 1)
329 4004 409 4060 Adde
428 4006 557 4060 llusteth.
576 4025 602 4076 p.
622 4014 683 4076 206,
703 4016 738 4063 26
758 4012 802 4080 (--
822 4009 939 4064 Pausan.
958 4009 991 4064 fr.
1011 4015 1044 4063 99
1063 4028 1090 4078 p.
1112 4015 1144 4063 53
1164 4007 1279 4079 Rindfl.)
1299 4011 1377 4065 ἰςτέον

210 4099 240 4150 δὲ
264 4098 308 4149 δ’τι
332 4097 367 4149 τὰ
391 4097 464 4149 κατὰ
487 4098 537 4149 τὸν
562 4099 680 4164 ςτραβὸν
699 4099 725 4152 οἱ
743 4102 854 4153 παλαιοί
874 4102 918 4152 καλ
937 4101 1013 4154 οὕτω
1032 4099 1192 4167 φράζουςιν.
1230 4099 1256 4152 οἱ
1275 4101 1325 4166 μὲν
1342 4100 1377 4150 ὅτι

210 4184 399 4252 βλεπεδαίμων
421 4185 437 4238 ὁ
461 4187 732 4252 διεςτραμμένος
750 4189 800 4242 τὰς
819 4191 896 4255 ὄψεις
917 4193 961 4242 καί
980 4189 1042 4243 οἷον
1062 4190 1116 4241 ὑπὸ
1136 4189 1267 4256 δαίμονος
1285 4193 1377 4254 πεπλη-

209 4275 279 4339 γώς·
297 4273 457 4328 Παυςανίας
478 4276 508 4328 δέ
526 4274 684 4342 προςτίθηςι
703 4267 748 4329 ιἰαἰ
768 4279 810 4330 ὅτι
829 4279 895 4332 τοὺς
914 4278 1151 4345 (ωκρατιιεοὺς
1171 4279 1262 4332 οὕτως
1280 4280 1376 4343 ἔλεγον.

210 4363 250 4417 Cf.
265 4361 384 4420 Meinek
403 4361 437 4417 fr.
458 4380 528 4418 eom.
549 4364 594 4418 Gr.
617 4364 654 4418 lV
673 4383 700 4433 p.
720 4369 781 4419 626.
