2925 5050
735 256 953 320 ,84-

349 411 470 477 Doridi
483 410 592 477 Samio
606 412 825 500 Theophrasti
840 415 997 499 discipulo
1018 419 1089 481 tota
1108 416 1174 481 fere
1195 416 1295 479 series
1316 415 1419 503 76(48)

259 520 299 583 ad
322 521 366 583 90
388 517 460 606 (59)
485 521 595 584 deberi
618 521 754 586 videtur.
793 520 968 597 ,Traditum
1001 528 1051 588 est
1078 546 1197 589 nomen
1221 524 1291 587 eius
1315 521 1419 609 76(48)

258 629 385 705 δέχεται
408 628 459 692 καὶ
484 630 590 707 βῶλον
614 627 731 708 άλήτηε
756 660 798 681 =
817 629 855 694 fr.
880 630 923 695 80
946 628 992 707 IV,
1016 654 1045 713 p.
1068 632 1133 697 487
1154 632 1196 710 M,
1223 628 1337 717 78(50)
1358 630 1419 695 Ἀτ-

257 735 338 798 τικοὶ
360 733 401 797 τὰ
424 732 594 800 Ἐλευτίνια
609 765 651 788 =
666 734 705 801 fr.
729 737 772 801 82
795 759 825 819 p.
845 737 920 819 488,
949 734 1065 823 89(58)
1084 737 1295 818 Πολυκράτη(
1315 740 1420 817 μητέρα

257 843 345 920 νέμει
370 872 412 894 --
435 841 473 905 fr.
496 842 539 905 49
563 864 593 925 p.
616 842 691 927 481,
715 840 835 929 90(59)
860 842 998 909 Ἀττικὸε
1022 843 1174 924 πάροικοε
1197 845 1237 909 fr.
1257 846 1299 910 68
1319 868 1347 928 p.
1364 846 1419 907 486

257 945 332 1034 ΜᾸ)
378 948 448 1012 Iam
472 948 581 1031 priora
604 949 662 1013 illa
692 950 865 1034 proverbia
891 950 1022 1014 76-84
1046 958 1079 1014 et
1103 952 1261 1016 sermonis
1284 952 1420 1015 similitu·
1447 964 1448 989 ι

257 1056 332 1120 dine
351 1056 524 1121 coniuncta
543 1059 619 1120 sunt
638 1058 671 1119 et
690 1060 955 1140 argumentorum
977 1079 995 1119 e
1016 1057 1112 1122 rebus
1132 1080 1152 1121 a
1171 1055 1306 1121 Graecis
1329 1058 1420 1141 gestis

256 1163 484 1248 repetiturum:
513 1183 617 1245 neque
646 1183 727 1245 quae
757 1162 791 1225 in
814 1162 854 1225 iis
881 1165 1055 1227 narrantur
1084 1162 1122 1226 de
1145 1161 1325 1228 Corinthiis
1347 1162 1358 1249 (
1380 1162 1419 1248 6),

256 1268 521 1334 Lacedaemoniis
536 1272 570 1332 et
584 1267 763 1333 Arcadibus
778 1265 861 1355 (77),
876 1268 1129 1345 Atheniensibus
1144 1266 1202 1357 (78
1218 1268 1281 1357 sq.)
1297 1271 1418 1335 Boeotis

258 1373 316 1461 (80
340 1373 416 1461 sq),
443 1374 642 1441 Crotoniatis
666 1373 739 1462 (83)
762 1375 1026 1442 Lacedaemoniis
1051 1374 1122 1464 (84)
1153 1377 1261 1442 alienu
1283 1377 1420 1441 videntur
1448 1390 1449 1457 ξ

262 1484 302 1547 ab
324 1484 471 1563 ἱττοριῶν
494 1484 546 1548 vel
569 1483 803 1571 Ἕλληνικῷν
830 1483 924 1549 libris
948 1484 1113 1570 Doridem,
1142 1507 1215 1551 eum
1238 1484 1418 1569 praesertim
1448 1464 1449 1509 i

257 1591 376 1655 aetatis
401 1613 478 1656 suae
502 1612 591 1655 more
616 1613 635 1654 a
657 1590 861 1675 temporibus
890 1589 1117 1661 historicorum
1146 1575 1209 1657 fide
1236 1590 1419 1656 contestatis

260 1697 422 1763 discedere
446 1698 552 1763 soleat
575 1697 615 1761 ad
640 1701 788 1783 tempora
811 1696 943 1762 heroica
962 1720 1078 1783 resque
1094 1695 1306 1781 fabulosas.²)
1342 1698 1418 1761 idem

258 1803 446 1868 observabis
469 1805 503 1871 in
526 1806 630 1869 altera
648 1809 741 1889 parte
761 1801 882 1889 85(55)
903 1827 971 1890 sqq.
986 1830 1068 1891 quae
1088 1810 1215 1891 spectat
1234 1806 1276 1869 ad
1290 1805 1417 1871 Graecos

257 1909 371 1977 Asiam
398 1912 558 1977 minorem
582 1912 774 1977 incolentes:
804 1910 924 1999 85(55)
947 1913 1071 1993 Πιτάνη
1103 1913 1163 1993 εἰμί
1191 1911 1323 2001 (Pitane
1349 1912 1416 1976 urbs
1449 1951 1450 2013 3

254 2014 403 2104 Mysiae),
426 2020 469 2083 86
485 2019 590 2084 Γελλώ
606 2021 862 2100 παιδοφιλοτέρο
878 2018 987 2103 (Gallo
1002 2019 1145 2108 Lesbia),
1167 2021 1207 2086 87
1215 2017 1289 2108 (56)
1306 2025 1415 2103 Θρᾷκετ

254 2124 346 2204 ὅρκια
368 2126 427 2190 οὐκ
450 2127 631 2193 ἐπίετανται
650 2124 863 2214 (Menander’
883 2129 919 2193 ἐν
940 2136 978 2213 τῇ
997 2125 1152 2214 πρώτῃ,3)
1171 2127 1284 2193 Ἴωνεε
1303 2131 1334 2191 e‘t
1351 2126 1414 2191 Αἰο-

255 2234 321 2297 λεῐε
345 2233 526 2297 excitantur
547 2229 674 2319 testes),
704 2234 745 2299 88
769 2235 948 2314 ταχύτερον
971 2235 990 2299 ὁ
1015 2235 1167 2407 ξάνορηε
1192 2234 1343 2313 Κρητίνατ
1366 2231 1417 2295 du·
1449 2224 1450 2257 ³

256 2343 390 2420 επέρατε
419 2338 473 2427 (ef.
497 2341 636 2407 Meineh.
659 2343 680 2407 l.
704 2365 728 2409 s.
753 2366 777 2407 s.
800 2365 831 2427 p.
856 2344 937 2408 123:
968 2342 1028 2408 Ore
1045 2344 1116 2407 inae
1144 2342 1196 2407 vel
1221 2340 1415 2406 Oretinaeum

255 2448 408 2534 oppidum
433 2447 680 2535 Ephesiacum),
709 2451 751 2516 89
775 2450 985 2532 Πολυκράτη(
1007 2452 1127 2532 μητέρα
1157 2450 1243 2529 νέμει
1275 2446 1338 2534 (res
1368 2446 1417 2511 So-

253 2554 420 2643 mimum),
448 2557 492 2622 90
515 2555 656 2623 Ἀττικά(
679 2557 833 2638 πάροικοε
858 2555 880 2645 (.
900 2609 907 2623 .
927 2608 934 2622 .
953 2557 1018 2623 ἀπὸ
1041 2561 1108 2622 τῶν
1132 2556 1176 2622 εἰ(
1199 2555 1325 2635 (άμον
1348 2575 1416 2631 πεμ-

253 2665 403 2744 φθέντων
427 2661 603 2744 Ἀθήνηθεν
622 2715 629 2728 .
648 2713 655 2729 .
674 2661 705 2750 ..)
744 2664 833 2740 Quae
852 2663 919 2729 fere
938 2666 1047 2731 omnia
1066 2664 1106 2729 ad
1125 2662 1256 2728 Duridis
1276 2662 1417 2741 (αμίων
1450 2659 1451 2726 3

252 2771 376 2849 ὥρουε
399 2772 518 2836 referre
542 2771 628 2854 licet,
651 2772 685 2835 in
705 2772 822 2855 quihus
841 2771 959 2838 ultima
977 2773 1036 2836 illa
1054 2772 1206 2856 leguntur
1225 2769 1309 2852 apud
1328 2766 1417 2832 Muel-
1450 2823 1451 2832 ,

252 2879 355 2942 lerum
378 2901 410 2962 p.
432 2878 497 2942 481
521 2874 629 2964 483.⁴)

325 3056 351 3124 1)
370 3053 431 3109 Ηοο
449 3055 512 3108 λοοο
529 3053 721 3108 memorabilis
737 3055 780 3109 est
794 3054 914 3110 Parisini
928 3051 1105 3123 scripturali
1119 3058 1152 3108 28
1168 3053 1272 3119 Δοῦριτ
1291 3054 1342 3106 καλ
1362 3051 1414 3117 περὶ

255 3146 342 3211 αὐτῆ(
361 3145 423 3214 (scr.
446 3145 552 3211 ταύτηε
575 3159 638 3197 omn
658 3142 753 3211 Schn.)
776 3145 859 3209 λέγεις
884 3142 933 3198 ubi
952 3146 997 3197 καὶ
1016 3161 1033 3196 a
1051 3137 1263 3197 Schneidewino
1288 3141 1415 3196 seclusum

253 3232 388 3305 pristinae
407 3233 513 3287 formae
532 3232 667 3286 indicium
686 3233 737 3285 est.

323 3324 350 3389 2)
371 3328 404 3376 76
424 3323 533 3388 δέχεται
551 3322 596 3374 καὶ
611 3323 702 3385 βῶλον
721 3321 826 3387 ἀλήτηε
845 3320 880 3374 ad
896 3317 1052 3374 Samiorum
1071 3320 1163 3387 ὥρουε
1181 3319 1293 3374 rettulit
1307 3318 1416 3374 Mueller

250 3429 277 3478 p.
297 3415 364 3462 487:
384 3410 432 3464 sed
452 3410 526 3479 quod
545 3408 626 3463 addit
646 3408 774 3462 ‘fortasse
790 3408 889 3462 Aletae
907 3407 1027 3463 meninit
1040 3409 1157 3477 loquens
1177 3406 1212 3463 de
1227 3410 1318 3480 βώλῳ,
1338 3423 1413 3478 quam

251 3497 319 3552 olim
338 3499 508 3569 Euphemes,
527 3516 595 3553 avus
614 3496 700 3566 Sami,
720 3497 851 3567 aceepit,
872 3515 922 3567 pro
941 3499 1108 3567 argumento
1127 3514 1183 3552 non
1201 3498 1297 3567 potest
1315 3515 1380 3552 esse.

326 3590 353 3656 3)
372 3585 413 3642 De
428 3605 483 3657 quc
498 3588 532 3642 ef.
543 3588 627 3657 cap.I
642 3593 657 3654 ξ
672 3594 688 3643 2
703 3606 730 3658 p.
744 3593 776 3642 18
792 3588 855 3642 adn.
874 3595 895 3643 l.
925 3587 1076 3656 Ephesium
1089 3587 1171 3641 illum
1187 3603 1248 3642 esse
1263 3601 1413 3656 aequoque

253 3677 364 3731 videtur
388 3677 546 3731 confirmari
573 3678 647 3746 quod
675 3683 709 3732 88
732 3676 889 3746 insequitur
911 3669 1090 3746 proverbium
1114 3677 1150 3732 ad
1174 3675 1356 3745 Ephesiorum
1377 3689 1413 3726 res

252 3766 390 3835 spectans.
427 3764 525 3836 Neque
544 3768 640 3821 tamen
657 3769 752 3836 potest
774 3764 873 3837 negari
896 3765 967 3820 haec
992 3764 1023 3820 in
1045 3767 1211 3821 Φοινικικῶν
1229 3763 1311 3819 libris
1329 3763 1372 3819 uel
1388 3763 1413 3814 ἐν

251 3861 293 3925 τῷ
311 3856 373 3923 περὶ
393 3855 503 3924 Κύπρου
526 3855 575 3910 vix
593 3855 686 3910 locum
706 3856 809 3910 habere
827 3871 918 3923 neque
943 3855 1055 3910 omnino
1079 3853 1228 3910 convenire
1248 3870 1311 3908 cum
1332 3853 1412 3908 colore

250 3942 401 4012 indoleque
429 3945 569 3999 certorum
595 3942 710 4014 Ephesii
736 3943 963 4014 fragmentorum.
1009 3942 1107 4012 Itaque
1134 3944 1220 3998 etiam
1243 3959 1317 3997 nunc
1344 3938 1411 3995 dubi·

248 4033 369 4089 taverim
394 4051 431 4088 an
454 4031 531 4088 haud
549 4030 744 4103 improbabilis
772 4033 809 4087 sit
826 4030 960 4086 Meinelrii
980 4031 1140 4088 coniectura
1159 4031 1241 4088 Babr.
1262 4031 1370 4086 Lachm¹
1389 4045 1409 4096 p.

250 4128 300 4177 17⁷
315 4139 367 4192 pro
376 4121 529 4176 Menandro
543 4121 700 4175 revocantis
713 4121 913 4175 Maeandrium
923 4119 1072 4190 Milesium,
1085 4121 1145 4190 ‘qui
1160 4121 1216 4176 ista
1230 4119 1259 4174 in
1269 4116 1410 4176 Milesiaeis

247 4210 351 4266 nferre
370 4211 516 4281 potuerit'.
546 4210 626 4266 Certe
641 4210 791 4264 historicus
807 4209 909 4263 citatur
928 4226 979 4279 pro
993 4209 1091 4265 horum
1112 4213 1305 4281 excerptorum
1321 4211 1410 4266 natura

246 4302 326 4370 isque
343 4299 433 4356 bonae
458 4298 567 4355 aetatis.

319 4391 346 4459 4)
364 4387 486 4444 Dubium
506 4392 534 4444 te
553 4386 643 4459 possit
662 4388 769 4457 facere,
795 4388 870 4458 quod
888 4390 1000 4460 praeter
1018 4387 1152 4447 Doridem
1175 4391 1205 4444 in
1227 4388 1409 4460 prioreparte
