2925 5050
513 279 730 396 ’.ὀμ

39 488 143 552 κλαίοι
172 486 404 569 Clazomenius,
435 489 474 554 de
503 512 566 574 quo
595 490 728 567 Quintil.
755 490 853 570 1116,
873 491 1061 575 ὃεἹετιίειν
1089 513 1207 557 nomen

39 596 191 660 traditum
225 596 356 679 putant]
391 597 448 661 alii
476 620 496 661 a
523 595 686 664 Naucrate
714 598 868 664 Isocratis
896 598 1066 683 discipulo,
1099 599 1155 663 alii
1188 623 1208 663 a

41 703 161 786 Zopyro
188 701 449 791 Clazomenio.'¹)
486 703 664 778 Persimilis
688 709 738 769 est
761 704 907 770 condicio
930 706 1092 790 proverbii
1111 711 1207 771 κινεῖ(

41 811 91 872 τὸν
109 808 291 890 Ἀνὰγυρον
314 809 330 873 Ι
351 810 393 875 75
416 811 472 875 ubi
495 816 570 894 post
594 812 760 897 volgatam
780 813 1028 897 explicationem
1051 812 1206 898 legimus:

41 916 152 1006 ditum·
177 917 238 981 τὸν
257 915 434 996 Ἀνάγυρον
454 923 561 983 κινεῖν.
594 919 706 998 Δῆμοε
729 918 867 999 Ἀττικῆε
891 920 978 984 οὕτω
998 922 1208 999 καλούμενοε·

42 1023 110 1088 ἔνθα
134 1024 215 1102 φαεὶ
234 1025 339 1103 φυτὸν
358 1028 497 1088 δυεῶδει
516 1026 567 1090 καὶ
587 1024 773 1092 ἀλεξίκακον
793 1026 989 1108 βλαετάνειν.
1021 1028 1153 1103 Λέγεται
1172 1029 1208 1090 δὲ

43 1133 85 1194 καὶ
107 1129 381 1210 Ἀναγυράειοε
405 1133 549 1211 δαίμων
568 1135 628 1198 καὶ
646 1136 779 1212 τέμενοε
798 1132 975 1212 Ἀναγύρου
994 1135 1029 1197 ἐν
1052 1139 1099 1218 τῷ
1118 1135 1208 1216 δήμῳ

45 1241 102 1301 τῶν
125 1236 374 1316 Ἀναγυραείων.
411 1236 462 1301 Ex
485 1238 576 1303 tenui
600 1240 796 1323 excerptoris
819 1240 1038 1324 disputatione
1062 1238 1116 1303 vix
1138 1261 1211 1304 con-

44 1342 152 1426 cludes,
178 1343 279 1406 etiam
301 1342 401 1406 verba
425 1341 648 1423 Ἀναγυράειοε
672 1345 797 1424 δαίμων
819 1367 879 1429 pro
902 1346 1073 1429 proverbio
1096 1345 1211 1410 habita

46 1471 115 1531 esse,
138 1449 226 1532 quod
246 1449 411 1513 luculenta
430 1451 634 1515 enarratione
654 1450 847 1534 Hieronymi
872 1453 972 1536 ἐντῷ
992 1453 1065 1530 περὶ
1087 1472 1210 1534 τραγῳ-

46 1557 193 1618 διοποιῶν
216 1554 410 1619 instructum
435 1557 576 1632 servavit
601 1553 717 1621 Suidas
742 1587 784 1608 ==
809 1555 834 1621 O
859 1558 902 1621 30
925 1557 955 1621 D
979 1554 1130 1642 11131.⁹)

123 1660 249 1726 Verum
269 1661 319 1726 his
339 1659 420 1726 lo'cis
440 1664 571 1727 etiamsi
594 1663 763 1747 proverbia
783 1669 936 1748 corrupta
959 1668 1035 1729 sunt
1059 1665 1211 1728 mutilata

49 1768 300 1833 enarrationibus
333 1769 475 1853 privata,
506 1773 617 1834 tamen
645 1771 809 1855 fragmina
839 1794 951 1836 eorum
975 1775 1050 1835 sunt
1073 1777 1211 1836 servata.

48 1875 100 1938 Est
87 1878 237 1939 tantem
265 1875 322 1939 ubi
344 1876 441 1958 plone
463 1882 576 1941 roseric
600 1899 638 1940 ea
662 1899 731 1941 esse
756 1877 935 1942 certissime
955 1878 1059 1960 possit
1084 1877 1211 1941 demon-

49 1983 142 2066 strari,
166 1983 214 2046 ita
238 1982 306 2046 ut
297 2003 405 2065 ipsum
428 1983 620 2080 fundament
606 1986 675 2047 tum
695 1959 869 2048 subruatur
893 1991 965 2049 sent
951 1985 1075 2048 tentiae
1095 1984 1211 2047 Warn-

49 2034 163 2172 kmssii,
188 2089 244 2172 qui
267 2072 513 2171 proverbiorum
537 2075 645 2174 copies
670 2091 719 2154 int
721 2113 816 2176 egres
834 2092 869 2155 in
887 2090 958 2155 ML
979 2094 1086 2155 servat
1087 2114 1122 2155 as
1142 2114 1213 2155 esse

52 2196 1213 2287 mmMmmtfflitfflmmmmffimmMffl

53 2305 99 2367 ιὺν
120 2303 237 2389 Ἀθηνᾷ
260 2306 311 2374 καὶ
334 2309 427 2385 χεῖρα
450 2305 536 2385 κίνει,
561 2305 617 2370 ubi
639 2306 796 2389 praebent

306 2446 340 2510 M
462 2521 465 2527 Δ
665 2514 668 2519 ,
864 2448 999 2518 PV93

81 2572 95 2636 ἡ
111 2570 244 2639 παροιμία
263 2570 432 2638 είρηταιέπλ
450 2576 509 2625 τῶν
527 2572 602 2639 παρὰ
688 2572 723 2641 Α)
733 2572 866 2640 παροιμία
881 2573 925 2627 ἐπὶ
939 2577 991 2626 τοῦ
1007 2574 1044 2637 μή
1058 2573 1157 2638 χρῆναι
1169 2569 1214 2622 ἐπὶ

53 2663 94 2710 τοῦ
115 2659 189 2713 θείου
213 2660 443 2728 προεδεχομένων
472 2660 602 2726 βοήθειαν
652 2668 712 2716 τιή(
743 2668 802 2716 τῶν
830 2665 903 2715 θεῶν
931 2659 1015 2714 έλπίει
1042 2658 1215 2725 καθημένου(

54 2751 89 2799 καί
115 2750 157 2803 διὰ
181 2754 270 2804 τοῦτο
298 2747 493 2815 apotomae)
534 2749 602 2803 Φαεί
652 2751 755 2817 ἀργεῖν.
791 2751 901 2804 Τίθεται
925 2750 991 2814 δὲἡ
1013 2746 1147 2815 παροιμία
1170 2748 1215 2800 ἐπὶ

56 2837 98 2902 γὰρ
115 2839 156 2891 ὅτι
175 2839 315 2905 ὀνηλάτηε
334 2837 392 2891 τὸν
411 2838 491 2890 ὄνον
511 2838 602 2903 βαλὼν
651 2844 792 2904 γυναικῶν
811 2839 924 2905 μάλιστα
943 2838 1114 2904 ὸφειλουειίιν
1133 2836 1213 2902 ἐργά-

55 2923 84 2977 εἰε
112 2928 211 2995 βόθρον
243 2928 288 2980 καὶ
321 2926 401 2993 ἀφείς
425 2932 486 2979 παῖε
514 2929 602 2995 χερείν
652 2931 750 2985 ζεεθαι.
783 2932 801 2995 ἡ
825 2929 879 2994 γὰρ
908 2927 1011 2994 Ἀθηνᾶ
1037 2926 1139 2992 ὲργάνη
1163 2923 1179 2956 *
1198 2922 1214 2955 *

57 3013 164 3070 ἀνέλκειν
196 3017 258 3069 τὸν
291 3017 370 3069 ὄνον
402 3020 444 3084 τῷ
478 3016 602 3082 Ήρακλεί
652 3016 684 3085 Β)
703 3016 718 3049 *
737 3016 752 3048 *
770 3016 908 3084 *εἴρηται
931 3016 962 3069 δὲ
986 3016 1040 3068 ἀπὸ
1066 3013 1214 3081 ὀνηλάτου,

56 3108 226 3169 προεηίιξατο·
251 3106 267 3157 ὁ
292 3105 322 3157 δέ
342 3105 475 3172 Ἡρακλῆι
498 3106 603 3159 ἐκέλευ-
652 3107 685 3160 οὑ
705 3108 721 3159 ὁ
740 3108 790 3172 μὲν
809 3108 874 3159 ὁνοε
892 3104 931 3158 εἰ(
943 3104 1033 3171 πηλὸν
1048 3102 1213 3156 ἐπεπτώκει·

58 3206 90 3243 ιεν
108 3194 191 3247 αὐτὸν
204 3194 215 3261 ΙΙ
228 3196 281 3261 τὴν
305 3198 382 3261 χειρα
407 3195 602 3260 προτφὲροντα
652 3195 717 3247 ote
735 3196 746 3263 fl
763 3195 867 3259 θεὸνβ
852 3197 962 3260 bontas
981 3193 1140 3245 ἐπεκαλεῖτο
1162 3190 1214 3242 τὸν

58 3280 97 3332 τὸν
112 3283 173 3336 θεὸν
192 3286 293 3337 καλειν.
653 3283 794 3349 Ηρακλέα
769 3282 1014 3352 o⁴)ilMtuvnrur
1037 3280 1142 3345 ταύτηε
1163 3281 1215 3344 τῆ(

651 3370 798 3438 παροιμία(
821 3370 974 3438 Εὐριπίδης.
1004 3367 1036 3439 O)
1051 3369 1158 3435 Ἐτεροι
1183 3369 1213 3420 δέ

118 3552 142 3619 1)
158 3550 217 3605 lam
236 3551 303 3605 hinc
317 3551 406 3605 bonae
421 3550 506 3604 fuisse
520 3548 623 3604 aetatis
638 3547 846 3603 Clazomenium
860 3548 1023 3617 configitur:
1042 3545 1217 3601 accuratiora

62 3633 174 3692 discimus
193 3656 227 3694 ex
246 3639 326 3709 Diog.
347 3639 439 3693 Laert.
459 3639 497 3692 IX
517 3645 583 3693 112:
602 3637 636 3692 cf.
657 3636 691 3691 de
705 3635 902 3691 Witamowitz.
924 3636 1103 3705 ‘Antigonos'
1124 3654 1151 3704 p.
1170 3641 1213 3689 43.

117 3728 141 3795 2)
160 3727 254 3802 Dubia
272 3728 409 3796 quaedam
430 3728 559 3797 exempla
576 3727 650 3780 infra
668 3724 851 3779 tractabimus
869 3742 896 3793 p.
915 3725 969 3779 8⁷⁵
988 3730 1022 3780 89
1030 3725 1048 3782 ².

119 3818 143 3885 3)
161 3816 363 3887 Corrigendum
378 3818 422 3871 eet
435 3816 546 3870 conlato
561 3815 583 3869 P
598 3816 785 3882 ἀργούντων,
805 3829 860 3867 una
874 3812 1001 3867 litterula
1016 3816 1133 3879 mutata,
1150 3816 1216 3865 na'm

64 3905 137 3969 τείγ
155 3907 194 3976 (ι)
218 3906 249 3960 in
271 3906 425 3975 archetypo
450 3903 571 3959 discerni
593 3904 640 3958 vix
660 3902 806 3972 poterant,
830 3900 863 3954 ci.
879 3902 891 3954 1
907 3907 940 3955 to
959 3903 1065 3969 ἔγραφε
1085 3898 1142 3970 (ubi
1165 3915 1215 3953 scr.

65 3989 166 4065 ἔτρεφε),
186 3997 246 4050 181
267 3996 453 4063 παρέγραψαν
472 3996 534 4063 (scr.
554 3993 754 4060 supergressus),
773 3990 813 4043 HI
833 3996 883 4044 162
903 3990 974 4044 Είτιε
992 3994 1053 4058 (scr.
1073 3988 1165 4056 Αίγίε).

122 4085 147 4152 4)
169 4085 248 4139 Haec
265 4082 367 4139 iambis
386 4081 455 4138 olim
473 4081 581 4136 incluse
599 4080 685 4134 fuisse
708 4078 766 4133 iam
789 4078 845 4133 alio
864 4078 926 4132 loco
946 4078 992 4146 (de
1011 4076 1106 4131 Babrii
1123 4076 1216 4129 aetate

70 4166 154 4241 ‘Leipn
174 4173 266 4230 siud!
286 4190 313 4243 p.
333 4171 403 4226 233²
422 4171 492 4225 conl.
512 4189 539 4240 p.
559 4169 640 4239 237³)
660 4166 817 4237 suspicatus
836 4184 911 4234 sum;
935 4168 1018 4233 atque
1041 4164 1124 4217 fidem
1147 4162 1217 4216 feeit

67 4254 155 4317 umba
172 4263 285 4333 integer
301 4264 354 4329 τὴν
372 4266 450 4329 χεῖρα
468 4264 525 4313 κτλ.
544 4260 574 4313 in
592 4258 651 4313 BV
669 4258 802 4312 servatus.
839 4256 937 4309 Falsus
956 4272 1017 4307 sum
1035 4253 1069 4306 de
1088 4250 1215 4305 Parisino

68 4343 217 4420 interpolato
240 4352 278 4406 ib.
298 4370 324 4421 p.
345 4355 396 4405 205
416 4350 479 4403 adn.
500 4356 523 4404 1.
561 4347 602 4402 De
620 4347 683 4417 ipso
701 4344 849 4415 proverbio
869 4343 932 4397 vide
951 4362 979 4411 p.
997 4345 1049 4394 205
1068 4341 1097 4393 et
1114 4357 1142 4408 p.
1165 4345 1215 4393 159

69 4435 222 4511 adn.1(ubi
241 4440 313 4495 adde
334 4439 417 4510 Soph.
431 4437 465 4492 fr.
480 4442 541 4507 288,
560 4436 658 4492 Aesch.
678 4434 711 4489 fr.
730 4439 782 4488 291
801 4432 874 4501 Ddf.‚
893 4432 959 4487 Sall.
979 4428 1060 4484 Catil.
1081 4433 1124 4498 52,
1143 4429 1200 4499 26).
