2925 5050
723 1282 957 1353 summarium.

339 1508 512 1592 Reliquum
546 1510 596 1572 est
623 1511 660 1571 ut
687 1530 846 1573 summum
880 1528 991 1573 eorum
1024 1528 1106 1593 quae
1139 1506 1281 1571 eruimus
1310 1503 1402 1588 paucis

181 1608 183 1613 ¹
254 1614 570 1699 comprehendamus

340 1721 500 1786 Zenobius
524 1722 625 1806 igitur
648 1722 750 1806 copiis
769 1720 937 1806 Didymeis
962 1744 1034 1787 eum
1058 1684 1217 1806 excerptis
1241 1744 1279 1785 ex
1297 1718 1401 1784 Lucilio

252 1829 470 1893 coniunctist
472 1851 523 1893 res
547 1828 692 1893 condidit
714 1830 818 1893 libros
841 1830 1096 1914 proverbiorum,
1120 1829 1249 1915 singula
1269 1828 1403 1893 continno

254 1941 290 2000 ut
321 1935 449 1999 videtur
488 1936 709 2019 disputatione
747 1936 946 2021 coniungens
978 1937 1214 2021 disponensque
1250 1934 1404 2000 secundun

252 2043 396 2108 rationes
421 2066 459 2109 ex
482 2044 556 2126 ipsa
579 2065 613 2107 re
636 2043 766 2128 petitas.
811 2042 892 2109 Oum
915 2044 1008 2109 libris
1029 2043 1223 2109 Zenobinnis
1246 2041 1404 2129 recentiore

252 2153 359 2214 aetate
382 2154 527 2213 -certe
550 2153 625 2234 post
647 2150 786 2215 alterum
806 2172 826 2214 u
843 2148 975 2215 Christo
998 2153 1077 2216 neto
1102 2151 1266 2215 succulum
1290 2169 1405 2212 -con-

252 2255 362 2320 iuncte
393 2260 468 2321 sunt
499 2256 672 2340 proverbia
703 2256 868 2337 Plutarchi
900 2279 982 2341 quae
1013 2256 1200 2323 ferebantur
1233 2254 1328 2341 (conl.
1346 2250 1406 2336 lv),
1439 2320 1440 2337 p

253 2367 351 2448 atquc
365 2362 509 2427 omnium
518 2362 740 2428 recentissima
753 2363 894 2429 conlectio
913 2363 941 2427 V
946 2362 1113 2427 rhetorum
1128 2368 1161 2428 et
1170 2355 1406 2447 sophistarum)

252 2470 326 2535 usui
336 2469 515 2536 inserviens
526 2475 724 2555 accuratoque
735 2471 910 2537 litterarum
920 2471 1027 2536 ordine
1039 2466 1229 2558 disposito.²)
1253 2467 1407 2536 Praeterea

254 2583 311 2642 aut
334 2577 375 2642 ab
400 2601 455 2663 eo,
477 2578 533 2662 qui
556 2578 618 2644 hoc
642 2579 734 2662 quasi
758 2599 868 2662 corpus
883 2579 1232 2663 puroemtoproptoncm
1255 2574 1407 2643 constituit

255 2689 311 2750 cut
335 2708 355 2749 a
377 2685 512 2760 librario
536 2685 645 2770 aliquo
669 2687 720 2751 vel
743 2686 927 2752 diasceuast
912 2691 962 2772 te,
989 2686 1162 2771 proverbia
1184 2685 1407 2751 Zenobianuet

253 2792 446 2857 Plutarehea
476 2797 610 2876 amputa
590 2797 645 2857 ata
673 2798 749 2858 sunt
777 2794 1011 2876 etdeourtnta,
1040 2793 1251 2876 amplioribus
1279 2793 1406 2876 disputo·

256 2899 400 2963 tionibus
423 2899 566 2982 privata,
593 2899 626 2962 in
651 2899 782 2985 singula
805 2901 960 2966 lemmata
981 2899 1123 2964 numeris
1147 2900 1324 2983 praescript
1324 2899 1350 2963 is
1310 2895 1406 2962 tdi·

257 3011 363 3091 gesta,
391 3028 463 3071 cum
492 3005 607 3091 quinta
629 3006 826 3071 conlectio'
817 3028 889 3091 ipse
912 3007 1050 3091 pristinu
1077 3006 1182 3071 forme
1209 3006 1407 3071 recentiorum

253 3113 370 3178 studiis
394 3135 491 3198 quem
518 3113 658 3178 maxime
682 3113 838 3198 adaptata
863 3117 1045 3179 servaretur
1070 3113 1111 3177 ab
1129 3113 1197 3178 -hac
1220 3109 1407 3179 contumelia.

252 3219 307 3285 Ec
330 3221 388 3285 tau
409 3219 570 3304 arctrctppo
593 3242 696 3286 munes
717 3241 793 3303 quos
815 3220 961 3286 Ιιιιῦοιιιιιε
984 3221 1097 3286 codices
1119 3221 1265 3304 pendent,
1295 3241 1333 3282 ne
1357 3234 1407 3278 unc

254 3326 382 3410 quidem
406 3325 582 3412 excepto.³)
618 3399 621 3403 ,

326 3540 352 3607 1)
372 3538 427 3604 Qui
445 3541 618 3608 quantopere
642 3539 853 3608 proverbiorum
876 3539 970 3595 studio
993 3537 1161 3594 indulserint
1185 3537 1315 3607 exposuit
1336 3534 1406 3590 Bern-

254 3628 377 3696 hurdyus
396 3627 462 3682 hist.
481 3627 536 3682 litt.
556 3627 603 3683 Gr.
622 3628 653 3681 1⁴
671 3647 698 3698 p.
719 3635 768 3682 641
793 3629 839 3683 vix
857 3631 933 3684 reete
953 3629 1068 3683 Zenobii
1087 3644 1157 3697 opus
1176 3629 1230 3680 huc
1248 3625 1371 3682 referens.

324 3720 353 3786 2)
377 3705 445 3771 'Prie
472 3715 523 3771 illu
547 3734 633 3788 opero
660 3717 702 3772 ita
729 3718 887 3788 composite
911 3717 1054 3785 videntur,
1081 3720 1115 3771 ut
1141 3719 1299 3787 temporum
1323 3713 1408 3783 quibus

255 3805 377 3861 vixerint
394 3807 520 3860 auctores
539 3806 612 3860 ratio
631 3807 790 3862 haberetur.
827 3807 901 3862 Nam
919 3806 943 3860 si
960 3823 1017 3861 non
1035 3806 1182 3872 zenobius,
1201 3807 1277 3859 certe
1296 3805 1408 3858 auctores

257 3897 317 3952 eius
332 3893 514 3964 inscriptione
528 3894 663 3964 epitomes
677 3896 835 3966 praedicati
848 3895 1021 3965 antiquiores
1035 3899 1115 3950 erent
1129 3894 1294 3959 Plutarcho;
1312 3891 1409 3947 tertinn

255 3985 461 4040 conlectionem
483 3986 549 4052 post
570 3984 723 4040 Lucienum
748 3984 904 4041 confectum
928 4002 987 4041 esse
1011 4002 1096 4053 supra
1118 4002 1145 4054 p.
1167 3983 1409 4038 recrementum

256 4074 351 4130 conati
370 4091 472 4128 snmus.
1205 4142 1209 4150 Ι

324 4167 350 4232 3)
369 4161 443 4218 Nem
465 4161 495 4216 in
517 4163 598 4220 codd.
622 4162 712 4218 PBD
737 4164 835 4220 ecdem
861 4181 933 4234 quse
956 4162 987 4219 in
1006 4164 1065 4218 ML
1088 4162 1270 4218 inveniuntur
1292 4159 1409 4215 lemmcto

253 4251 476 4322 corruptissima,
505 4253 620 4308 eaedem
648 4255 766 4310 lacunae
793 4253 1094 4323 interpolationerque,
1123 4253 1158 4307 cs.
1187 4268 1249 4320 cup.
1273 4250 1299 4302 II
1323 4250 1407 4316 52³·

253 4343 402 4397 Praetereo
420 4342 450 4395 in
469 4342 509 4396 eis
528 4342 678 4412 proverbia
699 4343 769 4414 ipsis
788 4343 1025 4414 disputationibus
1043 4341 1073 4397 in
1091 4340 1276 4397 uriacens
1299 4338 1343 4408 (cf.
1362 4329 1409 4391 Ml

255 4437 287 4486 ‘13
308 4438 340 4486 77
366 4433 391 4484 ΙΙ
410 4437 443 4485 37
469 4433 631 4497 ἐμβάλλεται
651 4431 688 4486 εἰ(
706 4435 821 4503 conns)
841 4433 933 4488 solent
951 4432 1051 4488 omitti.
