2925 5050
706 352 743 361 -
795 316 857 379 156
906 352 942 361 -—
1453 368 1454 397 3

244 478 394 557 φοτέρων
413 477 432 542 ὁ
450 476 601 561 Πλάτων,
624 480 689 548 ross
706 478 763 556 μὲν
787 476 960 553 διωλυγίου
979 478 1014 541 έν
1034 478 1197 560 Θεαιτήτῳ
1219 473 1265 561 (p.
1288 476 1348 540 162
1364 472 1405 558 Α),

241 589 300 649 τοῡ
323 587 359 648 δὲ
382 583 456 649 οὐδ’
479 582 556 670 (om.
580 582 621 669 P)
643 583 735 663 ἴκταρ
761 582 869 665 βάλλει
893 586 929 651 ὲν
952 584 1105 667 Πολιτείᾳ
1130 581 1190 668 (ΙΧ
1214 583 1280 648 575
1304 580 1350 668 Ο).
1452 615 1456 682 ι,

330 691 464 757 Initium
482 714 550 756 non
568 714 685 755 sanum
703 690 839 757 videtur.
867 690 991 755 Eadem
1006 670 1074 755 lere
1094 690 1134 754 ad
1152 690 1288 755 verbum
1307 691 1404 775 legun·
1454 687 1456 759 l

241 803 294 864 tur
318 800 431 864 seholl.
451 798 535 864 Plal.
553 824 584 884 p.
602 801 667 864 418
687 798 769 863 Bkk.
789 796 845 883 (ιε
865 798 942 863 Hes.
963 821 987 862 s.
1006 822 1035 863 τ.
1059 801 1178 881 ῐκταρ);
1209 798 1249 862 ef.
1268 798 1405 862 Leulseh.
1452 815 1456 858 ι

242 906 283 971 ad
301 904 841 993 PV55Ps.-1Jiog.vind.11146
866 904 981 991 Apost.
1000 904 1080 969 XIII
1100 905 1151 969 32.
1188 904 1281 967 Adde
1301 902 1405 989 (Didy-
1452 889 1458 930 ²

241 1013 328 1097 mus‘)
352 1014 424 1092 περὶ
446 1017 513 1078 τῶν
532 1012 765 1093 ἀπορουμένων
790 1013 876 1092 παρὰ
894 1012 1046 1077 Πλάτωνι
1067 1008 1219 1095 λέξεωνῑ)
1238 1011 1274 1075 in
1292 1012 1406 1076 miseel-

243 1120 346 1185 laneis
370 1119 491 1185 Milleri
513 1146 544 1207 p.
568 1121 633 1185 399
657 1116 858 1205 (διωλύγιον)
881 1120 944 1183 401
972 1116 1101 1203 (ἴκταρ).

271 1212 273 1216 ’
330 1226 362 1291 Μ
387 1227 486 1293 1160
513 1232 586 1295 Πάν
609 1232 749 1307 χναῦμα·
777 1225 986 1309 <χναύματα>
1018 1224 1267 1313 (παγχναύματα
1288 1224 1336 1313 Μ)
1364 1228 1406 1291 λέ-

241 1356 331 1413 γουα
362 1335 402 1399 τὰ
433 1333 681 1415 άποθραύεματα
708 1338 774 1399 τῶν
807 1332 914 1413 ἰτρίων
943 1334 993 1398 καί
1022 1333 1243 1397 πλακούντων.
1288 1334 1325 1398 τὸ
1357 1333 1407 1397 οὖν

241 1438 337 1527 (γοῦν
363 1441 404 1529 Ρ)
432 1446 498 1507 πᾶν
526 1446 651 1522 χναῦμα
679 1438 809 1527 (πάγχν.
833 1439 881 1525 Μ,
904 1462 986 1506 sorr.
1010 1463 1049 1505 ex
1071 1438 1098 1503 P
1123 1437 1144 1503 S
1164 1437 1253 1519 ΑΜ.)
1277 1441 1406 1520 εημαίνει

241 1547 313 1614 οἷον
336 1552 401 1615 πάν
424 1552 563 1628 πρᾶγμα.

330 1656 407 1721 Non
424 1656 507 1722 vidit
519 1654 632 1721 Miller
651 1653 706 1744 (ef.
721 1681 752 1741 p.
767 1654 847 1739 344)
861 1655 941 1720 haee
960 1654 1085 1719 veriore
1102 1654 1210 1717 forma
1228 1654 1337 1741 legiB
1353 1656 1407 1718 770

241 1763 267 1827 P
293 1762 322 1827 V
346 1765 404 1829 73:
428 1764 467 1829 ef.
487 1763 598 1829 Graux
616 1788 646 1848 p.
665 1764 740 1847 235,
764 1785 960 1847 quamquam
982 1761 1020 1826 de
1039 1761 1134 1827 initio
1154 1760 1355 1827 restituendo
1373 1762 1407 1826 ab

240 1893 278 1935 eo
302 1868 500 1959 dissentiof)
999 1882 1001 1888 '

330 1978 363 2041 M
394 1977 428 2041 II
456 1978 497 2042 61
535 1977 771 2058 Ἀκαρπότερον
800 1973 866 2064 (οε
889 1973 930 2063 Ρ)
960 1975 1135 2057 ἀγρίππου·
1182 1976 1331 2043 Λάκωνεε
1358 1978 1408 2057 τὴν

242 2085 356 2165 ἀγρίαν
375 2086 487 2151 ἐλαίαν
506 2084 670 2165 ἄγριππον
688 2089 846 2181 καλοῖναν.
958 2118 963 2127 ·
1021 2078 1023 2082 ’

328 2192 461 2257 Plenius
484 2191 515 2254 K
539 2191 568 2255 D
590 2190 623 2254 ll
648 2192 691 2256 63
715 2190 777 2255 DV
800 2191 816 2254 Ι
842 2192 879 2256 ll
906 2189 934 2253 B
962 2191 1033 2274 193,
1058 2190 1113 2274 qui
1136 2190 1171 2254 in
1193 2191 1257 2255 fine
1280 2192 1408 2255 addunt:

247 2299 475 2379 λεπτόφυλλον
503 2298 602 2363 οὖεαν
630 2300 681 2363 καὶ
709 2301 750 2379 μὴ
780 2300 834 2384 (μὴ
864 2320 926 2361 om.
950 2294 1034 2382 BD)
1059 2301 1174 2362 πλεῖον
1198 2298 1409 2379 αὐξανομένην

242 2405 398 2486 πηγάνου.
445 2404 533 2481 Quae
562 2409 638 2490 posi
660 2406 780 2470 lemma
803 2406 952 2469 inseruni
976 2404 1101 2469 codices
1125 2405 1252 2492 volgati
1267 2406 1328 2470 ’ἐπὶ
1350 2409 1408 2469 τῶν

244 2512 330 2578 πάνυ
353 2513 543 2593 πενομένων
567 2511 695 2595 εἴρηται,
720 2537 759 2578 ex
783 2513 982 2580 conlectione
1005 2512 1121 2598 ¹quinia
1140 2512 1310 2598 irrepsisse
1329 2512 1405 2578 vide-

242 2625 304 2705 ίαν,
328 2620 368 2685 cf.
392 2620 426 2684 M
448 2645 479 2706 p.
503 2622 577 2686 378.
743 2687 745 2693 ,

329 2726 363 2790 Μ
391 2727 424 2791 Il
454 2729 497 2792 62
535 2727 669 2793 Κιλίκιοε
706 2727 853 2808 ὄλεθροε·
900 2728 950 2794 ὅτι
987 2730 1106 2794 Κίλικεε
1145 2728 1299 2812 λῃετείαιε
1333 2728 1407 2806 χρώ-

243 2855 332 2914 μενοι
363 2833 419 2899 ἐπ’
445 2834 584 2914 ὠμότητι
608 2837 826 2916 διεβέβληντο·
851 2835 927 2901 ὅθεν
955 2837 1006 2901 καὶ
1029 2835 1231 2916 Φερεκράτη(
1258 2832 1407 2919 puel-(f.

243 2941 305 3009 166
329 2965 360 3026 p.
385 2941 449 3005 196
471 2939 538 3025 Κ.)

373 3090 377 3097 -
402 3047 452 3112 ἀεί
475 3047 528 3132 (δή
552 3045 601 3133 Μ)
625 3048 703 3114 ποθ’
726 3051 807 3129 ἡμάε
831 3031 1096 3133 έγκιλικίῑουεμν]
1121 3049 1151 3114 οἱ
1175 3047 1251 3114 θεοί.

329 3153 461 3220 Plenius
484 3155 511 3218 P
533 3154 581 3219 IV
605 3156 647 3220 53
671 3155 698 3219 Β
722 3156 784 3221 541
817 3153 927 3240 (Ρίιοί.
950 3156 966 3219 l
989 3181 1019 3242 p.
1043 3154 1122 3242 342)
1152 3155 1202 3219 καὶ
1230 3154 1260 3218 οἱ
1283 3153 1408 3219 Ἀττικοὶ

241 3264 277 3326 δὲ
300 3262 358 3327 τά(
381 3264 493 3342 πικρὰε
517 3264 667 3344 τιμωρίαι
687 3263 841 3335 Κιλικίους
865 3266 1012 3328 καλοῦειν
1031 3263 1065 3326 in
1083 3263 1147 3326 fine
1167 3261 1301 3344 addens3
1323 3281 1408 3344 prae-

241 3373 331 3434 terea
353 3370 387 3432 in
412 3370 458 3433 eis
482 3371 603 3435 lemma
626 3365 746 3454 exeipil
770 3369 943 3454 explicatio
968 3369 987 3433 ὁ
1011 3371 1166 3449 πονηρόε·
1195 3369 1329 3447 πονηροὶ
1352 3365 1407 3444 γὰρ

242 3477 273 3540 οἱ
302 3476 433 3541 Κίλικεε’
462 3481 481 3558 ἢ
509 3477 558 3542 ὅτι
586 3482 651 3542 κτλ.
698 3463 850 3542 Ceterum
878 3475 916 3541 ef.
947 3476 1163 3554 ἐγκιλικίζετυι
1186 3474 1214 3538 Β
1243 3475 1320 3559 384,
1346 3473 1406 3536 Ps-

242 3581 337 3668 Diog.
365 3582 463 3648 Vind.
490 3583 524 3647 ll
552 3587 592 3649 51
628 3607 701 3648 eum
730 3583 897 3648 Leutsehii
932 3583 1033 3658 πολίω
1073 3582 1153 3646 udde
1185 3581 1313 3648 Sueten.
1341 3581 1407 3658 περὶ

243 3692 448 3770 βλαεφημιῶν
472 3692 557 3775 apud
580 3691 745 3756 Millerum
768 3715 798 3776 p.
822 3690 898 3756 425.
1336 3675 1340 3682 ’

203 3833 210 3844 ·
331 3795 364 3860 M
388 3795 421 3870 ll
445 3798 487 3861 63
516 3798 821 3879 Εὐμεταβολώτεροε
848 3797 1019 3877 κοθόρνου·
1048 3795 1204 3875 κόθορνότ
1231 3796 1314 3860 έετιν
1336 3795 1406 3858 ὑπο-

244 3906 383 3984 δήματος
408 3903 493 3969 εἶδος
517 3905 701 3984 έφαρμόζον
721 3903 844 3988 (error
862 3903 897 3987 P,
921 3925 973 3969 -ον
991 3903 1026 3968 Μ
1044 3902 1154 3989 Phoe.)
1174 3903 1224 3967 καὶ
1248 3907 1338 3985 δεξιῷ
1361 3900 1406 3964 καὶ

242 4009 395 4095 ἀριετερῷ
423 4011 511 4075 ποδί·
541 4011 618 4077 ὅθεν
645 4013 696 4076 καὶ
727 4013 916 4091 Θηραμένην
945 4008 1168 4096 (Θηράμεντον
1195 4006 1257 4096 Μ),
1280 4010 1335 4072 τὸν
1357 4008 1404 4071 ἐπὶ

317 4186 343 4253 1)
362 4183 477 4254 Didymi
496 4185 693 4242 auctoritatem
711 4186 741 4240 in
760 4185 875 4240 dubium
894 4185 1007 4241 vocavit
1024 4183 1132 4239 Nauck.
1147 4184 1165 4239 l.
1185 4203 1206 4240 s.
1226 4202 1247 4238 s.
1266 4203 1293 4254 ρ,
1308 4187 1403 4262 λὸάυη.

313 4280 340 4342 2)
360 4274 461 4328 Graux.
474 4276 567 4329 πάντα
584 4277 729 4342 χναύματα
748 4275 845 4330 scribit
859 4291 921 4329 eum
935 4276 970 4340 P3
990 4291 1087 4330 verum
1104 4279 1160 4327 πᾶν
1178 4279 1287 4340 χναῦμα
1301 4289 1361 4327 eum
1378 4268 1403 4322 in

241 4362 265 4415 Β
283 4365 423 4418 lemmatis
442 4365 505 4419 loco
526 4363 658 4434 scriptum
678 4367 720 4418 est
738 4364 863 4434 latetque
882 4364 910 4417 in
930 4363 1015 4418 Athoi
1033 4363 1200 4429 παγχναάμυ
1217 4360 1232 4394 *
1251 4363 1267 4396 *
1284 4379 1330 4429 τα,
1347 4361 1402 4412 tum

241 4453 397 4522 explicatur
410 4453 504 4507 verbis
518 4460 573 4508 πᾶν
587 4460 700 4521 πρᾶγμα
714 4453 743 4507 in
757 4454 820 4508 ΜΡ.
855 4453 937 4508 Certe
951 4452 1117 4519 πάγχναυμα
1135 4450 1240 4507 Milleri
1253 4451 1401 4506 barbarum.
1457 4497 1458 4508 ι
