2925 5050
547 295 763 359 ..95-

55 454 226 519 tredecim
244 454 377 539 Didymi
400 459 530 538 tresque
548 453 702 519 Tarrhaei
727 454 803 518 libri
821 454 985 518 coniuncti
1002 453 1037 517 in
1055 458 1121 517 tres
1141 454 1240 518 libros

55 562 209 627 coartati
227 565 312 647 sunt,
335 584 432 645 quam
450 562 479 626 si
497 560 615 631 Lucilli
633 565 701 626 tres
719 561 845 643 epitom
862 561 963 625 trium
980 560 1137 626 librorum
1156 582 1240 625 eom-

56 667 359 750 prehendebantur.
379 667 426 734 ef.
437 666 579 733 Birtium
593 668 633 733 ‘d
649 668 759 733 antike
772 666 985 733 Buchwesen’
1000 689 1031 751 p.
1046 668 1111 734 383
1126 667 1197 732 adn.
1213 670 1240 752 1,

54 774 117 838 ubi
134 774 299 857 epitomas
318 776 443 840 minore
457 775 616 839 librorum
634 796 770 858 numero
790 773 909 839 divisas
929 795 999 839 esse
1019 774 1124 840 solere
1144 796 1240 858 quam

58 902 171 964 opera
193 885 344 966 excerpta
367 881 461 967 larga
483 882 704 965 exemplorum
728 883 822 966 copia
845 878 1124 968 demonstratur.¹)

155 988 280 1054 Verum
311 988 345 1052 in
374 988 584 1053 difficillimas
616 990 676 1054 ha's
710 990 930 1075 quaestiones,
963 1010 1045 1074 quae
1075 988 1241 1073 propriam

60 1095 127 1159 sibi
155 1095 309 1179 flagitant
331 1096 646 1180 commentationem,
668 1096 861 1162 descendere
882 1118 948 1161 non
971 1096 1005 1161 in
1029 1096 1137 1160 animo
1162 1100 1241 1174 erat,

57 1201 126 1265 nisi
155 1203 263 1286 quoad
286 1203 475 1269 coniunctae
498 1206 574 1268 sunt
595 1225 668 1268 cum
696 1226 772 1270 vera
801 1204 908 1287 operis
932 1202 1108 1268 Zenobiani
1136 1203 1241 1268 forma

61 1310 307 1394 investiganda.
346 1310 462 1395 Itaque
485 1315 686 1380 revertamur
708 1311 786 1376 illuc
803 1311 888 1375 unde
906 1310 1036 1376 deflexit
1055 1308 1242 1394 disputatio.
1263 1305 1266 1312 ’

157 1416 312 1481 Ordinem
332 1418 442 1501 istum,
461 1440 556 1501 quem
571 1422 605 1481 et
622 1418 657 1481 in
676 1417 791 1482 vicinis
805 1418 987 1502 proverbiis
1002 1438 1099 1481 sensu
1114 1416 1241 1481 conexis

62 1528 95 1588 et
124 1524 164 1587 in
190 1525 342 1590 universa
373 1524 441 1588 fere
470 1524 576 1609 operis
603 1525 820 1609 descriptione
854 1526 1109 1608 observavimus,
1141 1524 1240 1588 Zeno·

60 1630 159 1695 bium
176 1652 323 1697 servasse
341 1633 392 1697 vel
417 1632 495 1697 adeo
514 1632 705 1716 instituisse,
728 1632 784 1697 sed
807 1654 848 1697 ne
867 1633 966 1696 verbo
990 1632 1119 1715 quidem
1142 1632 1241 1696 ratio-

62 1760 122 1803 nes
143 1761 225 1823 quas
247 1742 435 1823 sequeretur
453 1739 663 1812 adumbrasse
685 1762 764 1803 num
783 1738 916 1804 credes?
947 1737 1021 1823 Ego
1044 1762 1112 1803 non
1137 1738 1241 1803 eredo.

65 1844 176 1911 lmmo
210 1847 388 1911 cotoneum
419 1846 513 1911 buius
544 1848 645 1931 operis
674 1847 815 1930 spectem,
847 1847 1017 1930 praecipue
1049 1846 1240 1911 lemmatum

65 1952 313 2038 discriptionem
335 1976 564 2039 numerosque,
593 1955 763 2035 receptore·
785 1953 964 2036 Beronum
993 1954 1105 2038 debat,
1133 1954 1169 2017 ia
1192 1973 1241 2035 pe·

65 2062 168 2126 noim
189 2067 294 2126 actem
315 2061 420 2142 formo
441 2061 568 2144 ον’κμνίο
584 2060 750 2145 precatio
768 2064 798 2125 et
812 2060 1046 2142 proverbiorum
1063 2060 1157 2124 series
1179 2060 1240 2124 dis-

62 2171 226 2249 putatione
251 2169 399 2234 malinae
425 2169 588 2233 coniuncto
614 2168 713 2249 fuisse
742 2163 844 2252 (siout
872 2168 908 2231 in
929 2158 1076 2232 Marcelli
1099 2167 1183 2243 libro
1208 2171 1241 2231 et

66 2274 99 2338 in
127 2276 323 2359 fragmentis
344 2274 587 2359 Eustathianis)
617 2296 808 2360 persuasum
838 2274 919 2339 mihi
949 2278 1007 2339 est.
1053 2274 1145 2350 Quod
1168 2296 1242 2340 con·
1326 2305 1332 2311 ‚

68 2381 202 2448 firmant
224 2383 297 2467 loci,
320 2382 376 2446 ubi
400 2382 584 2447 etiamnunc
606 2381 702 2465 plura
724 2381 896 2463 proverbia
918 2381 978 2445 sub
1002 2402 1066 2445 uno
1089 2382 1241 2445 lemmate

72 2481 293 2517 ξῄ--Δ
1069 2506 1072 2510 .

71 2558 208 2614 Tarrhoeo
237 2561 269 2613 ia
290 2561 344 2627 fine
366 2560 540 2630 uapularem
566 2559 785 2628 disputationum
812 2559 877 2627 post
898 2556 1035 2626 Didymea
1061 2557 1156 2627 posita
1182 2574 1242 2612 esse

34 2697 40 2705 .
69 2651 199 2718 suspicor,
223 2650 257 2702 ut
274 2647 368 2718 posita
386 2650 452 2711 sunt
473 2647 504 2700 in
522 2647 634 2702 scholiis
652 2646 807 2701 Platonicis
830 2664 858 2716 p.
878 2651 928 2699 317
948 2645 1019 2700 Bklr.
1039 2646 1068 2700 et
1086 2647 1161 2715 apud
1180 2647 1240 2700 Ste-

69 2737 193 2805 phanum
208 2735 375 2806 Bymntium
393 2754 414 2790 s.
432 2753 459 2790 v.
474 2737 604 2803 Δωδώνη
624 2735 744 2805 (Iungbl.
759 2753 786 2804 p.
801 2739 837 2788 34
855 2737 909 2804 30).
946 2733 1033 2789 Velut
1050 2733 1150 2788 mirum
1170 2735 1241 2789 illud

71 2826 142 2893 quod
169 2826 291 2896 legimus
314 2843 336 2880 s.
359 2842 386 2880 v.
411 2824 531 2891 Καδμεία
552 2824 615 2892 νίκη
639 2824 719 2878 PlV
738 2828 772 2878 45
796 2826 860 2893 post
881 2823 974 2878 varias
997 2822 1139 2878 variorum
1162 2840 1240 2878 enar·
1354 2852 1361 2859 ,

71 2915 189 2970 rationes
209 2915 254 2984 (cf.
274 2913 403 2968 Leutsch.
423 2914 478 2968 vol.
497 2913 524 2967 Il
540 2932 569 2983 p.
584 2920 618 2968 74
636 2916 687 2983 sq.)
706 2915 784 2968 ἄλλοι
803 2914 834 2966 δέ
851 2930 932 2982 τινες,
952 2914 994 2968 ὅτι
1012 2919 1053 2966 τά
1071 2913 1109 2967 ἐκ
1126 2913 1240 2967 Φοινί-

72 3022 127 3071 κη(
144 3006 328 3072 γράμματα
347 3004 515 3070 βουλόμενος
534 3006 696 3070 διαδοθῆναι
714 3009 773 3057 τοῖς
791 3003 903 3070 Ἕλληα
923 3004 1031 3070 Κάδμο(
1049 3005 1138 3058 ἀνεῖλε
1157 3002 1239 3057 Λίνον

15 3110 20 3120 ·
73 3096 112 3145 καί
139 3095 227 3148 αὐτὸν
253 3094 310 3146 ἴδια
337 3093 486 3161 γράμματα
509 3094 732 3160 ἐπιδεικνύμενον
757 3093 806 3160 (cf.
831 3091 907 3146 Suid.
928 3111 948 3146 s.
968 3110 994 3146 v.
1019 3092 1116 3160 lttvoc)
1139 3091 1241 3146 Lucilli

73 3198 126 3236 esse
151 3183 250 3251 eredo,
274 3181 322 3250 qui
344 3181 394 3236 ubi
410 3185 474 3251 περί
492 3182 664 3251 γραμμάτιον
687 3182 815 3252 disputat
837 3181 866 3235 in
885 3180 1007 3236 Bsklreri
1027 3181 1122 3236 anecd.
1142 3179 1183 3236 IV
1201 3180 1238 3235 si-

72 3270 148 3325 miles
167 3271 256 3325 tradit
277 3270 397 3325 fabellas
416 3289 443 3340 p.
463 3277 516 3326 318
534 3277 594 3326 τῶν
613 3272 755 3339 ιτοιχείων
774 3273 890 3339 εὑρετήν
910 3288 983 3326 τινες
1002 3273 1134 3337 Κάδμον
1157 3270 1241 3338 pactu

74 3399 102 3414 ..
121 3402 127 3414 .
147 3363 216 3415 ἔνιοι
235 3362 267 3415 δὲ
285 3361 462 3416 Μοιιεαῑον
480 3361 527 3431 (cf.
547 3361 632 3417 etiam
651 3380 678 3430 p.
698 3367 760 3430 324,
779 3360 828 3415 ubi
846 3361 976 3415 Musaeus
991 3360 1117 3430 Orpheus
1135 3359 1241 3414 Linus

74 3448 210 3503 coniuncti
238 3450 268 3502 et
290 3448 355 3505 vide
378 3467 450 3518 quae
473 3453 671 3520 congesserunt
693 3449 852 3506 Lobeclrius
874 3449 1012 3520 Aglaoph.
1031 3468 1059 3520 p.
1079 3455 1131 3504 234
1151 3468 1191 3519 sq.
1212 3451 1241 3504 et

73 3533 347 3607 Hoerschelmannus,
357 3537 406 3592 l.‘s.
416 3557 436 3592 s.
446 3557 474 3609 p.
485 3545 535 3592 333
552 3541 633 3609 sqq).
660 3539 741 3595 Unde
751 3554 864 3593 caverre
874 3537 1022 3594 Ritschelii
1032 3533 1241 3609 illopraecepto

75 3625 172 3680 abusus
190 3629 333 3682 auctorem
351 3627 452 3682 ultimo
470 3629 532 3682 loco
549 3627 726 3695 nominatum
740 3625 854 3681 unicum
868 3643 928 3680 esse
943 3628 1108 3696 contendas3
1127 3628 1242 3684 obstant

74 3715 143 3770 enim
162 3715 307 3786 Iungbluti
329 3718 497 3787 argumenta
519 3718 609 3772 multo
627 3716 758 3786 graviora
777 3717 822 3786 (cf.
842 3735 869 3786 p.
890 3721 923 3770 93
944 3718 1004 3787 sq).

140 3808 167 3874 1)
186 3805 309 3861 Maxime
322 3806 353 3859 in
365 3808 493 3860 nostram
509 3822 569 3861 rem
582 3806 691 3861 faciunt
706 3805 883 3876 grammatici
898 3805 1020 3860 Zenobio
1035 3805 1093 3862 fere
1108 3807 1239 3876 aequales

74 3891 260 3964 Diogenianus
278 3897 308 3949 et
325 3893 413 3950 Iulius
431 3894 578 3966 Vestinus,
603 3895 652 3965 qui
673 3895 773 3965 ingens
792 3894 934 3964 Pamphili
957 3911 1028 3965 opus
1051 3895 1172 3965 quinque
1194 3895 1241 3950 vel

75 3985 201 4049 quattuor
218 3983 300 4039 libris
322 3984 606 4055 comprehenderunt,
629 3985 715 4055 atque
729 3982 917 4054 Hephaestio,
941 3984 991 4054 qui
1014 3984 1240 4054 duodequinqua-

74 4073 148 4140 ginta
167 4073 259 4143 operis
277 4074 321 4128 sui
334 4073 423 4128 libros
437 4075 569 4141 ἐνέτεμεν
584 4073 623 4128 etc
636 4075 742 4142 ἕνδεκα,
762 4072 801 4128 εί(
813 4072 884 4142 τρία,
903 4073 942 4128 etc
960 4075 998 4128 ἕν.
1027 4075 1104 4129 Unus
1118 4074 1240 4128 Iustinus

74 4159 203 4217 librorum
216 4162 412 4232 inscriptiones
421 4163 508 4232 Trogi
522 4160 659 4227 servavit;
673 4162 721 4217 sed
737 4177 771 4215 ex
780 4160 864 4215 Birtii
874 4161 1039 4216 coniectura
1052 4163 1197 4232 praeterea
1210 4161 1240 4216 in

74 4253 202 4317 quattuor
219 4251 364 4306 volumina
381 4252 523 4321 epitomen
541 4250 691 4307 distribuit.
739 4251 869 4305 Ceterum
888 4251 1025 4306 Zenobius
1042 4251 1072 4305 in
1090 4251 1239 4307 dividendo

75 4354 154 4409 opere
173 4341 263 4394 solum
281 4340 420 4396 ambitum
440 4341 559 4410 amavit,
577 4339 715 4410 siquidem
735 4339 783 4394 lib.
799 4339 811 4391 I
829 4342 900 4395 extr.
916 4358 979 4395 cum
998 4341 1032 4407 II,
1052 4340 1078 4393 II
1093 4343 1160 4396 extr.
1177 4358 1240 4395 cum

75 4426 107 4482 Ill
126 4431 171 4483 est
189 4429 353 4486 coniunctus
373 4429 417 4499 (cf.
436 4449 463 4501 p.
482 4436 515 4485 81
536 4431 596 4499 sq).
1068 4416 1077 4430 ⁵
