2925 5050
520 319 738 382 ..15...

21 487 23 558 ᾗ
58 478 178 544 lectioni
191 478 241 544 111
256 478 713 561 subscriptal'llourtpxou
739 479 941 558 παροιμίαι
964 477 1025 543 αἱ(
1048 477 1219 546 Ἀλεξαν-

58 591 154 664 bpeic
178 589 359 666 ἐχρῶντο.
404 583 576 652 Succedunt
602 585 702 669 enim,
729 585 808 650 licet
831 608 934 651 vacua
961 586 1102 672 paginae
1125 589 1220 669 parte

21 713 22 718 ¹
58 686 264 758 intercedente
289 692 443 775 seiuncta,
464 693 535 774 absa
557 691 630 758 baec
647 693 812 774 proverbio
831 691 1020 776 ‘anonyma',
1044 692 1220 776 dequibus

21 807 23 832 ³
60 799 186 884 agimus
231 799 303 864 Iam
335 821 411 864 casu
442 798 597 864 accidisse
627 802 664 864 ut
694 799 811 863 titulus
840 799 896 863 ille
925 800 966 864 ad
988 800 1221 865 Alexandrinos

59 909 198 990 spectans
225 907 484 989 Aeqypttcccrnm
515 906 763 991 proverbiorum
795 906 878 972 serie
910 905 977 972 fere
1010 907 1220 990 exciperetur,

59 1013 176 1077 eredere
208 1035 275 1077 non
310 1035 452 1096 possum.
498 1012 604 1078 Immo
634 1035 731 1096 quam
765 1013 1037 1096 subscriptionem
1070 1013 1220 1078 dixerunt

59 1120 258 1185 conleotionis
290 1119 354 1203 111,
387 1143 425 1185 ea
454 1121 614 1202 intentatio
643 1121 708 1201 fuit
737 1126 882 1202 quartem
920 1120 1075 1185 librarius
1108 1123 1219 1184 autem

60 1226 189 1308 spatium
223 1226 304 1290 illud
337 1249 473 1292 vacuum
500 1226 634 1310 reliquit
669 1230 726 1291 aut
755 1227 916 1310 ineptiens
946 1225 1156 1312 neglegentia
1186 1229 1220 1288 et

59 1333 249 1415 oscitatione,
273 1333 363 1398 ouius
387 1332 529 1416 plurima
552 1332 703 1417 praebuit
726 1336 760 1397 et
782 1333 952 1417 praeclara
975 1333 1137 1416 exempla,
1165 1335 1222 1396 aut

21 1521 22 1536 ἢ
58 1439 155 1504 nescio
171 1440 247 1524 quid
261 1439 389 1504 consilii
408 1443 548 1524 secutus,
567 1440 776 1525 suppleturus
794 1439 945 1524 fortasse,
965 1463 1047 1524 quae
1066 1439 1221 1504 omiserat

21 1561 22 1566 ’
60 1546 208 1612 omissave
241 1546 427 1626 inveniebat
460 1547 511 1612 vel
546 1569 666 1611 novum
703 1570 785 1632 opus
823 1570 912 1612 nova
940 1547 1062 1633 pagina
1092 1546 1222 1610 incoha-

21 1677 22 1730 ᾗ
59 1651 181 1740 turus.¹)

21 1767 23 1826 i
136 1759 265 1844 Itaque,
292 1763 330 1824 ut
352 1761 464 1845 paucis
489 1760 607 1844 dicam,
635 1760 674 1825 de
698 1760 792 1824 libris
816 1759 918 1825 Athoi
942 1759 1121 1845 archetypo
1145 1780 1221 1823 oon-

21 1853 23 1872 '
58 1866 166 1932 iunctis
185 1866 350 1932 effecimus
368 1867 456 1933 haee.
501 1866 631 1931 Priores
650 1871 727 1951 tres,
746 1866 920 1951 dequibus
939 1867 1098 1952 incapite
1117 1866 1222 1930 altero

21 1963 23 1974 ’
60 1975 231 2039 accuratius
265 1966 474 2058 exponemus,
512 1974 718 2060 grammatici
750 1975 876 2059 antiqui
909 1973 1020 2039 doctos
1052 1973 1221 2039 continent
1338 2031 1343 2039 ,

21 2071 23 2132 ἶ
60 2080 309 2164 commentarios,
331 2103 435 2165 neque
455 2080 597 2165 dubium,
621 2081 698 2164 quin
721 2081 885 2146 coniuncti
908 2080 938 2145 ei
960 2079 1124 2145 tribuendi
1148 2079 1224 2162 sint,

21 2199 23 2250 1
61 2187 105 2250 cui
126 2188 248 2271 primus
272 2187 449 2270 inscriptus
473 2192 536 2272 est,
559 2188 705 2265 Zenobia
728 2186 862 2270 Didymi
885 2191 918 2252 et
941 2186 1098 2252 Tarrhaei
1122 2189 1224 2250 secta·

21 2283 23 2392 Ξ
60 2293 125 2356 tori.
167 2293 325 2378 Reliquae
349 2294 566 2359 conlectiones
591 2294 632 2358 ab
656 2317 694 2358 eo
718 2293 852 2358 alienae.
897 2291 984 2357 Nam
1007 2297 1125 2378 quarta
1147 2292 1224 2356 Plc-

61 2400 154 2464 tcrobo
182 2400 312 2465 addicta
340 2399 567 2486 adscriptaque
595 2404 681 2466 eerte
709 2425 729 2466 a
753 2401 939 2465 fabulatore
967 2401 1077 2485 aliquo
1107 2399 1224 2465 aetatis

60 2505 284 2591 imperatorum
302 2506 442 2572 conflata
457 2511 522 2592 est3
545 2505 661 2591 quinta
674 2507 819 2573 omnium
837 2508 1071 2593 recentissima,
1089 2505 1224 2571 minime

60 2611 111 2677 illa
141 2617 173 2677 et
204 2614 277 2698 ipsa
315 2614 510 2697 spernenda,
547 2614 717 2679 rhetorum
750 2615 802 2680 vel
834 2615 1044 2697 sophistarum
1076 2614 1223 2679 scholam

61 2718 174 2783 redolet
211 2723 309 2805 atque
348 2721 455 2786 forma
487 2720 686 2805 consilioque
720 2744 740 2785 a
776 2721 970 2786 Zenobiams
1006 2721 1136 2806 penitus
1173 2723 1224 2784 est

21 2824 23 2893 ἒ
61 2823 185 2891 diversa.

21 3032 23 3049 ζ
141 2969 213 3047 ξ2.
251 2975 392 3033 Codices
414 2978 551 3047 volgari.
597 2968 797 3034 Recensione
812 2970 923 3037 Athea
936 2975 1067 3054 reperta
1080 2969 1223 3056 volgatis

21 3070 22 3075 ’
62 3070 185 3137 Zenobii
213 3074 381 3139 codicibus.
399 3076 605 3160 nequaquam
631 3097 691 3139 nos
720 3098 830 3140 carere
857 3098 966 3160 posse,
995 3076 1099 3160 quivis
1129 3075 1224 3140 videt.

62 3174 139 3243 Nam
158 3204 195 3245 ex
215 3180 391 3266 archetypo
411 3182 594 3266 antiquiore
613 3186 646 3245 et
664 3182 810 3266 pleniore
830 3183 983 3269 descripti
1001 3182 1090 3247 haud
1103 3206 1224 3267 paucas

62 3287 210 3366 praebent
234 3288 390 3353 lectiones
404 3288 525 3354 Athois
545 3289 613 3353 sine
637 3289 736 3354 dubio
760 3290 985 3373 praeferendas
997 3290 1223 3373 ·solique·cum

63 3391 121 3455 alia
150 3396 255 3460 multa
287 3400 498 3462 servaverunt
530 3400 600 3461 tum
634 3397 893 3481 quattuordecim
928 3397 986 3461 illa
1014 3398 1224 3463 conlectionis

64 3498 187 3565 alterius
222 3497 398 3585 proverbia
433 3504 469 3568 in
500 3502 569 3567 ML
603 3504 733 3569 omissa.
789 3504 837 3569 De
873 3508 991 3568 natura
1028 3508 1061 3568 et
1098 3504 1224 3590 origine

21 3602 22 3605 ’
63 3602 168 3673 horum
191 3607 338 3673 codicum
360 3610 486 3692 primus
510 3610 603 3675 docte
626 3610 795 3695 inquisivit
817 3609 860 3675 M.
884 3609 1083 3675 Schmidtius
1107 3608 1225 3697 (‘Veri-

63 3712 208 3781 similium
232 3715 341 3799 capita
364 3715 427 3779 duo
450 3716 592 3781 inclutae
610 3716 787 3787 Viadrinae
886 3718 1146 3803 gratulabundus
1170 3718 1225 3781 ob-

128 3911 153 3977 1)
171 3910 213 3963 De
231 3908 355 3963 auctoris
370 3908 482 3964 nomine
500 3908 530 3963 in
548 3910 648 3965 misera
666 3911 791 3981 corporis
810 3910 973 3981 scriptorum
994 3911 1225 3967 Plutaroheorum

65 3996 214 4052 condicione
233 3996 388 4053 etiamnum
408 3993 531 4067 serupuli
550 4001 665 4055 restant.
704 3999 759 4053 Sed
772 4000 847 4055 haud
866 4016 957 4071 panea
975 4002 1063 4056 exiis
1081 4018 1154 4069 qnae
1172 4001 1225 4054 hac

66 4084 224 4149 contentione
253 4086 442 4155 eontinentur,
470 4088 500 4141 in
522 4086 586 4141 aliis
608 4088 755 4143 Plutarchi
778 4088 859 4144 libris
877 4090 1008 4159 ,invenies
1031 4091 1115 4159 atque
1139 4089 1225 4145 etiam

66 4168 92 4222 in
112 4189 230 4230 sermone
259 4175 296 4229 ab
325 4176 534 4245 excerptoribus
562 4177 684 4247 pessime
712 4177 811 4233 habito
840 4179 1006 4235 locutiones
1020 4196 1086 4235 vere
1115 4180 1224 4257 Plutar-

68 4258 143 4313 cheae
168 4264 282 4319 relictae
311 4266 375 4319 sunt
403 4268 428 4333 (l
454 4268 551 4334 φήμην
579 4268 741 4335 ἀπαλεῖψαι,
774 4274 808 4322 27
838 4268 1058 4335 κατεετυμμὲναν
1089 4294 1117 4325 :.
1133 4310 1162 4322 ..
1190 4271 1224 4322 τὸ

67 4350 112 4412 τῆ(
124 4353 282 4422 φιλοεαφία(
298 4354 486 4421 παράγγελμα
493 4360 598 4423 τηρῶν,
617 4356 697 4425 sim).
728 4355 804 4421 Quae
818 4358 915 4426 paucis
934 4356 1026 4413 verbis
1044 4356 1225 4413 adumbrasse

68 4451 132 4490 nnnc
149 4441 214 4495 setis
234 4442 324 4497 habeo
343 4458 409 4497 mox
426 4443 548 4520 uberiori
567 4443 751 4514 disputationi
770 4444 865 4500 locum
882 4446 979 4500 datum
998 4445 1033 4500 iri
1051 4462 1175 4516 sperans.
