2925 5050
514 253 732 317 ,63-

50 415 132 494 (corr.
151 413 279 479 ἑαυτοῖε
298 435 336 478 ex
355 411 413 478 Ps
435 410 520 500 Alo.)
540 414 789 493 προξενούντων
807 412 973 478 ἀπώλειαν
992 411 1211 491 εκωμμοτιχήν

52 519 80 606 (i.
105 543 130 584 e.
160 524 389 602 τκωμματικήν,
423 522 507 606 quod
541 520 725 612 praebet&
753 525 787 584 el
815 520 887 586 Ald.
915 520 973 584 col.
1005 517 1096 604 146),
1129 519 1213 584 unde

51 627 205 692 Nauckius
220 651 250 712 p.
267 629 331 693 378
346 633 577 708 εκωμματικῶε.
606 628 668 694 Sed
687 649 729 693 εκ,
750 628 944 693 vocabulum
959 626 1107 692 inBVP
1128 624 1212 691 V79

51 734 129 798 deest
151 756 254 818 neque
279 735 399 800 similia
421 735 477 799 illa
496 735 665 816 ὑποθετικὴ
689 737 903 815 παραινετικὴ,
926 736 961 799 in
981 735 1097 819 quibus
1115 735 1212 798 multi

54 845 118 904 sunl
135 839 310 926 Byzantini
333 841 459 926 ipsique
479 841 567 908 codd.
587 841 700 927 PBV,
723 865 862 927 usquam
884 843 919 906 in
939 840 973 905 M
992 843 1145 926 leguntur
1158 840 1212 923 (cf.

52 948 126 1012 iufra
145 971 214 1033 cap.
233 947 316 1028 1115
333 950 350 1012 1
366 970 396 1031 p.
414 946 500 1035 101).
537 949 652 1034 Itaque
671 954 781 1016 ortum
801 954 852 1014 esi
870 971 909 1014 ex
927 953 1001 1013 ποία
1019 949 1143 1012 librarii
1159 949 1214 1031 qui

53 1058 237 1135 ικιομματική
271 1050 327 1140 (sc.
361 1053 528 1140 παροιμία)
566 1057 599 1120 in
631 1057 780 1142 margine
805 1056 1041 1139 adscripscrat:
1078 1056 1118 1119 de
1148 1077 1212 1140 quo

52 1181 156 1244 genere
171 1161 426 1244 corruptelarum
442 1159 616 1248 (γνωμικὸν
636 1165 706 1230 sim.
721 1165 807 1229 male
822 1161 963 1250 intrusa)
976 1163 1116 1230 videnda
1131 1185 1213 1247 quae
1262 1173 1264 1177 ’

53 1269 189 1352 exposuit
205 1266 345 1334 Cobeius
360 1269 515 1334 Mnemos.
531 1270 560 1334 V
576 1293 605 1353 p.
621 1268 727 1354 351.1)
764 1269 839 1335 Non
858 1270 964 1334 minus
985 1273 1098 1354 aperta
1116 1270 1213 1332 inier-

55 1374 204 1456 polatoris
233 1374 321 1439 fraus
351 1378 402 1439 esi
424 1374 456 1438 ΙΙ
481 1375 522 1440 39
546 1377 586 1440 τὰ
610 1376 662 1442 ἐπὶ
689 1377 836 1462 κοτκίνιμ·
866 1374 1008 1461 (lacuna)
1038 1376 1170 1440 δύναται
1192 1377 1212 1454 ἡ

55 1482 196 1562 παροιμία
210 1485 261 1546 καί
281 1483 333 1546 ἐπὶ
352 1487 420 1560 τῶν
438 1483 505 1566 [διὰ
523 1484 681 1568 κοεκίνου]
703 1486 951 1564 μαντευομένων
970 1484 1108 1562 εἰρῆεθαι
1127 1481 1213 1564 (ὼε)

56 1591 97 1652 καὶ
119 1591 157 1652 τὰ
181 1589 246 1654 ἀπὸ
266 1590 418 1669 τρίποδοε
437 1589 484 1675 (Μ
504 1589 520 1653 Ι
541 1589 596 1676 13)
616 1592 666 1656 καὶ
685 1593 725 1655 τὰ
744 1591 808 1656 ἀπὸ
832 1592 958 1671 δάφνη(
979 1613 984 1654 ;
1004 1591 1060 1654 ubi
1080 1589 1216 1654 delenda

55 1698 120 1758 sunl
141 1695 241 1759 verba
264 1695 316 1759 διὰ
338 1696 497 1780 κοεκίνου,
520 1696 559 1761 cf.
583 1697 697 1761 scholl.
719 1697 849 1762 Lucian.
873 1721 903 1781 p.
930 1697 1078 1762 1401ae.

129 1800 276 1867 Conlatis
300 1805 409 1866 autem
434 1803 572 1887 volgatis
601 1804 766 1868 codicibus
790 1805 871 1868 talia
898 1805 964 1868 iam
987 1804 1022 1868 in
1045 1824 1214 1867 commune

56 1909 187 1972 omnium
202 1907 347 1973 codicum
362 1908 562 1993 archoiypon
583 1931 658 1974 sese
670 1910 852 1975 insinuasse
867 1911 1028 1975 interdum
1043 1931 1213 1993 possumus

55 2015 272 2081 demonstrare.
306 2014 380 2080 152
399 2016 494 2099 plane
514 2017 619 2081 aliena
633 2018 692 2082 illa
707 2041 726 2082 a
740 2019 893 2084 lemmate
911 2021 931 2098 ἡ
951 2021 986 2083 δὲ
1006 2017 1071 2082 ἀπὸ
1086 2018 1215 2082 (xoeos

55 2121 127 2200 ῥῆιιτ
154 2123 208 2187 ἐπὶ
231 2125 297 2186 τῶν
327 2121 457 2187 ἀτόπωε
486 2123 632 2203 οἰμώζειν
655 2127 743 2189 τινὸε
766 2125 930 2203 λεγόντων
955 2123 1157 2211 (=11193)
1177 2146 1214 2187 ex

56 2232 188 2314 margine
220 2231 420 2313 irrepserunt
448 2233 544 2314 alque
577 2228 628 2316 (ui
656 2236 706 2297 δεῖ
732 2237 791 2297 τοῦ
821 2233 945 2297 εελίνοο
974 2231 994 2294 l.
1023 2252 1047 2296 s,
1076 2228 1115 2314 s.)
1143 2253 1214 2295 cum

57 2337 215 2417 proverbio
240 2336 281 2399 ab
306 2335 417 2400 eadem
442 2336 550 2402 littera
574 2339 750 2424 incipiente
772 2341 792 2418 ἢ
815 2339 925 2417 κρίνον
942 2341 962 2418 ἢ
981 2338 1157 2417 κολοκύντη
1182 2360 1215 2401 se

56 2445 293 2526 coniunxerunt,
315 2443 406 2527 ‘quod
430 2465 513 2507 nunc
537 2444 664 2529 quidem
689 2445 850 2511 divulsum
879 2449 928 2510 est
956 2446 997 2509 ab
1028 2445 1216 2531 insequente

55 2549 227 2631 ὑγιέετερον
259 2550 422 2629 κρότωνοε
455 2551 595 2615 similem
626 2553 811 2617 coniinente
842 2553 1036 2618 senlentiam
1065 2553 1104 2617 cf.
1131 2536 1217 2617 infra

57 2659 118 2741 sl,
139 2657 265 2723 Nauck.
289 2680 318 2741 p.
342 2658 416 2723 379.
460 2658 531 2722 Iam
554 2658 716 2745 Ps-Diog.
741 2660 771 2725 V
797 2661 839 2723 10
861 2662 880 2739 ἢ
903 2659 1014 2738 κρίνον
1036 2662 1056 2739 ἢ
1081 2682 1106 2722 κ.
1133 2662 1171 2723 11
1196 2662 1215 2739 ἡ

56 2761 110 2829 ἀπὸ
131 2766 261 2843 (κυθῷν
281 2764 365 2844 ῥῆειι
384 2765 518 2849 praebet
538 2766 649 2831 eodem
670 2768 781 2831 ordino
800 2767 983 2850 composita
1002 2788 1010 2828 :
1029 2787 1124 2850 quem
1144 2788 1217 2830 con-

24 2898 26 2967 ᾗ
57 2892 173 2938 sensum
203 2874 259 2936 vix
292 2871 468 2954 explicabis
499 2872 562 2937 nisi
593 2895 631 2936 ea
662 2896 725 2958 qua
748 2896 825 2938 usus
857 2896 928 2937 sum
958 2870 1124 2958 ratione.²)
1178 2872 1218 2937 In

24 2986 26 3047 ξ
57 2978 178 3042 eundem
211 2975 301 3043 venii
333 2998 463 3041 censum
490 2975 525 3040 M
552 2977 649 3043 1127
675 3010 717 3031 =
741 2979 767 3043 P
795 2980 824 3044 V
849 2980 892 3044 53
920 2977 989 3044 οὔθ’
1018 2980 1118 3058 ὕεται,
1148 2979 1218 3045 οὔθ’

24 3096 25 3133 2
57 3084 188 3162 ἡλιοῦται
212 3081 300 3170 (vide
324 3107 397 3167 app.
419 3082 460 3170 Ι).
482 3086 502 3163 ἡ
527 3087 679 3165 παροιμία
703 3085 824 3166 εἴρηται
852 3088 905 3151 ἐπὶ
932 3090 998 3151 τῶν
1027 3086 1088 3152 ἔξω
1117 3087 1218 3165 πάεηε

59 3193 220 3269 φροντίδος
247 3190 406 3269 ἑετιίιτων,
438 3194 636 3257 τουτέετιν
668 3193 759 3258 οὔτε
789 3196 967 3274 βρέχεται
995 3193 1083 3257 οὔτε
1111 3195 1216 3272 ἡλιο-

60 3300 228 3373 βολεϊται.
269 3296 384 3362 Inania
407 3298 465 3363 illa
487 3300 649 3364 τούτεετιν
672 3304 738 3365 κτλ.
764 3325 782 3365 a
806 3298 904 3365 Suida
929 3300 981 3364 all.
1004 3300 1073 3364 iure
1097 3300 1218 3365 omissa

24 3404 25 3489 J
59 3402 265 3470 diasceuastae
281 3426 351 3469 esse
361 3405 411 3469 vel
422 3406 638 3486 ἡλιοβολεῑται
649 3407 807 3471 vocabulo
818 3407 999 3491 Byzantino
1015 3404 1218 3493 evincitur33)

24 3532 26 3595 ξ
59 3509 163 3576 similia
182 3513 472 3595 interprelameuia
497 3512 675 3595 suspiciosa
698 3514 826 3597 saepius
851 3514 985 3595 adiecta,
1012 3514 1103 3578 velut
1124 3513 1217 3579 1182

24 3612 26 3681 ί
60 3620 122 3692 Boin
141 3620 277 3697 Κύπριος
296 3616 325 3682 εἷ
339 3666 347 3681 .
362 3667 390 3681 ..
410 3617 478 3682 ’ίεον
497 3623 542 3701 τῷ
562 3620 765 3699 (καταφάγοι
789 3619 826 3703 εἴ,
849 3620 888 3683 cf.
912 3619 1073 3703 Ps.-Diog.
1091 3619 1142 3684 III
1160 3620 1217 3704 493

59 3719 134 3787 1186
148 3724 319 3802 ἁδιίινητον
337 3723 557 3803 ἀνδράποδον·
586 3724 654 3790 ἴτον
673 3732 720 3810 τῷ
736 3727 896 3807 βάρβαρον
910 3728 961 3790 καὶ
981 3727 1118 3807 esseest,
1137 3727 1176 3791 cf.
1191 3727 1217 3790 P

24 3818 25 3835 ί
60 3828 259 3841 ᾖ.

119 3867 144 3933 1)
162 3864 206 3919 Ila
226 3868 398 3931 exuperium(
417 3862 488 3918 Non.
508 3882 534 3933 p.
550 3870 603 3918 334
621 3864 649 3917 in
669 3866 779 3919 textum
797 3882 826 3919 se
844 3865 1014 3935 insinuavit,
1032 3866 1104 3920 imde
1123 3865 1218 3920 Plauti

62 3949 240 4009 ‘Scematious’
261 3952 359 4007 fabula
378 3952 514 4021 originem
534 3952 624 4008 duxit:
645 3952 678 4007 cf.
699 3954 847 4010 Rinohelii
866 3972 986 4025 parerga
1003 3974 1030 4025 p.
1051 3962 1111 4011 169.

119 4044 143 4111 2)
162 4040 308 4096 Nauckius
326 4040 439 4109 quidem
459 4041 476 4095 l.
498 4059 518 4095 s.
538 4060 559 4095 s.
581 4060 613 4095 ex
635 4041 808 4111 Diogeniano
826 4043 954 4114 intellegi
973 4045 1043 4099 dicit
1061 4062 1116 4113 quo
1135 4045 1218 4100 modo

24 4138 25 4209 }
62 4132 195 4195 proverbia
212 4130 265 4185 illa
284 4128 475 4185 discordantia
494 4130 642 4185 coniuncta
661 4130 724 4186 sini.
756 4131 810 4185 Sed
828 4132 1047 4200 universaquae
1065 4132 1217 4187 interML

24 4220 26 4267 i
65 4220 88 4270 el
101 4220 170 4289 volg.
189 4217 341 4275 incercedil
358 4218 466 4274 ratione
485 4222 613 4288 respecta
630 4220 712 4275 aliter
729 4220 876 4276 iudicabis.
1047 4286 1053 4295 ·

119 4312 144 4377 3)
163 4308 277 4365 Rectius
293 4309 395 4364 dicitur
409 4310 597 4375 ἀκτινοβολεῖν
611 4310 799 4375 ἀκτινοβολίατ
819 4311 854 4365 cf.
869 4312 1031 4381 Harpocral.
1046 4312 1127 4381 epist.
1142 4312 1216 4368 ined.

65 4396 144 4453 ‘revue
162 4398 196 4453 d'e
215 4397 297 4469 phil!
318 4400 345 4453 ll
363 4417 390 4469 p.
411 4403 444 4454 '16
464 4416 527 4454 cum
546 4397 660 4454 Granxii
678 4401 746 4455 nola
764 4418 791 4470 p.
811 4406 853 4455 81.
