2925 5050
729 249 946 313 ,30-

249 410 407 493 impressa
430 408 606 488 videantur,
615 405 640 493 1)
667 408 767 472 etiam
786 407 862 471 hinc
880 406 1064 471 coniectura
1087 408 1200 470 nostra
1221 402 1330 468 habet
1347 423 1417 466 com·

250 501 532 600 mandationem.²)
580 513 642 578 Sed
669 514 749 579 haec
775 515 809 578 in
836 513 943 578 medio
970 512 1195 597 relinquenda:
1223 511 1417 594 acquiescere

250 645 422 709 possumus
446 623 479 686 in
504 644 555 705 e0,
579 621 664 706 quod
687 623 826 703 acepta
855 619 1052 684 Dcrncniuau
1077 619 1292 701 frapmeatum
1320 618 1419 700 eacrpd

253 751 290 795 ea
313 751 400 812 opere
418 729 621 811 prommotioo
644 749 716 792 cum
742 748 819 792 eura
842 726 999 810 disposito
1021 726 1205 810 repetitum.

342 834 430 911 Quae
450 839 627 919 sequuntur
647 834 731 898 male
751 837 826 898 sunt
840 834 972 899 turbata
988 856 1094 918 neque
1108 832 1278 897 commode
1294 832 1419 896 tractari

252 945 417 1027 poterunt,
440 943 504 1006 nisi
527 941 871 1025 plenam'recensionis
886 942 1013 1006 Athoae
1033 941 1206 1004 editionem
1225 943 1346 1004 nactus
1364 940 1418 1001 eris

153 1122 159 1134 ⁶
256 1050 407 1115 omnibus
439 1048 591 1114 subsidiis
621 1049 822 1114 instructam.
873 1046 988 1132 Neque
1020 1049 1056 1112 in
1084 1047 1190 1130 prima
1217 1047 1420 1127 conlectione,

255 1157 344 1220 cuius
368 1155 541 1220 maximam
570 1158 695 1239 panteni
724 1154 765 1219 ad
793 1155 929 1218 aliarum
959 1155 1124 1219 rationum
1150 1175 1304 1218 normam
1334 1153 1420 1236 dirigi

254 1285 351 1345 supra
378 1262 530 1345 vidimus,
559 1261 681 1326 similes
706 1264 930 1345 excerptorum
954 1261 1052 1326 series
1075 1260 1220 1325 invenies
1244 1260 1313 1325 nisi
1336 1259 1420 1341 Chre

254 1371 360 1451 slipen
388 1368 546 1452 quaedam
573 1369 607 1432 in
637 1367 724 1433 exitu
753 1369 795 1432 83
819 1368 859 1431 οὐ
882 1369 970 1432 νυκτὶ
992 1372 1105 1434 alceir
1128 1399 1171 1420 =
1195 1365 1369 1452 Chrysipp.
1390 1365 1420 1428 fr.

260 1476 342 1540 conl.
372 1473 507 1560 Beguet.
535 1498 564 1559 p.
588 1475 653 1540 248
682 1473 722 1558 (Ρ
746 1472 778 1537 V
801 1475 872 1557 32),
904 1475 947 1540 85
975 1477 1025 1542 αἲξ
1052 1475 1167 1555 (κυρία
1189 1504 1233 1528 ==
1258 1472 1420 1557 Chrysipp.

255 1582 340 1667 Bag.
362 1607 393 1667 p.
416 1583 480 1648 247
506 1580 545 1669 (P
569 1581 601 1645 II
626 1578 695 1669 18);
725 1581 870 1666 sequitur
893 1581 988 1663 μανία
1007 1582 1035 1647 δ’
1059 1584 1098 1649 οὐ
1120 1586 1214 1647 πᾶειν
1238 1581 1337 1661 ὁμοία
1359 1601 1419 1644 cun

259 1689 331 1754 loco
362 1688 543 1772 Platonico,
575 1687 689 1752 deinde
722 1689 819 1752 λύκου
853 1689 955 1769 πτερά
989 1689 1201 1774 explicatione
1230 1687 1420 1752 subobscura

168 1805 175 1818 '
257 1796 453 1882 praeditum,
482 1817 616 1880 qnorum
645 1797 796 1858 neutrum
821 1815 840 1856 a
863 1793 1038 1879 Chrysippi
1060 1795 1169 1860 indole
1197 1793 1342 1858 alienum
1367 1796 1420 1873 θοις

257 1922 380 1988 agmen
411 1901 531 1966 claudit
565 1905 673 1967 δοῖδυξ
712 1900 799 1966 αὔξει
832 1931 874 1952 --
907 1898 1080 1987 Chrysipp.
1112 1899 1194 1986 Bag.
1225 1924 1258 1985 p.
1292 1901 1358 1964 248
1388 1896 1420 1982 (Ρ

256 2008 306 2073 ιιι
329 2006 429 2094 lois
471 2007 643 2073 Praeterea
666 2009 709 2072 43
734 2029 804 2092 sqq.
827 2007 1219 2074 connumeravimus
1243 2032 1274 2093 p.
1298 1983 1368 2072 ιιι.
1416 2052 1420 2062 .

345 2115 467 2182 Verum
502 2115 598 2199 longe
635 2115 812 2199 plurimum
844 2116 954 2180 valent
989 2116 1051 2182 hae
1084 2115 1228 2182 rationes
1262 2116 1299 2179 in
1335 2112 1421 2178 tertia

261 2222 472 2287 coniectione.
522 2218 610 2286 Nam
640 2242 736 2284 unam
768 2221 861 2286 illam
895 2223 1089 2305 particulam
1122 2244 1221 2307 supra
1256 2223 1420 2286 umnam

260 2329 436 2394 148-154
458 2327 493 2391 Μ
517 2357 559 2380 =
583 2326 667 2391 Plut.
690 2324 744 2413 (h)
773 2326 806 2390 ΙΙ
825 2326 967 2415 8-144)
996 2331 1181 2414 exitumque
1209 2329 1379 2393 turbatum
1399 2325 1420 2386 si

261 2437 422 2520 exceperis
451 2441 515 2500 toto
537 2435 671 2515 confecto
693 2439 739 2499 est
759 2436 891 2518 dapalis
913 2438 1096 2519 sonuum
1119 2437 1267 2502 clossrhus
1288 2433 1420 2518 copula-

261 2590 473 2597 ῌ*

333 2668 359 2735 1)
378 2666 443 2722 Non
462 2665 565 2721 citatur
582 2666 637 2720 nisi
655 2666 694 2719 III
713 2672 766 2720 154
780 2667 851 2720 =P
869 2666 909 2720 III
923 2673 957 2722 63
977 2668 1061 2737 (quod
1078 2684 1134 2721 non
1147 2666 1301 2736 repetitum
1320 2680 1377 2720 esse
1393 2678 1420 2716 ex

261 2772 344 2826 opere
358 2758 420 2825 περὶ
434 2762 600 2824 παροιμιῶν,
614 2756 663 2811 sed
673 2772 707 2809 ex
717 2756 924 2811 commentariis
934 2756 1096 2826 Homericis,
1110 2755 1184 2811 infra
1197 2755 1311 2825 patebit
1324 2774 1351 2824 p·
1361 2758 1388 2807 91
1395 2750 1419 2816 ¹),·

260 2863 326 2900 nam
344 2845 383 2899 III
398 2851 449 2899 136
464 2844 488 2915 (f
503 2886 508 2898 .
523 2843 561 2897 VI
576 2862 603 2913 p.
619 2850 671 2898 238
686 2846 732 2914 N.)
747 2846 783 2899 ad
803 2844 940 2901 comicum
958 2846 1135 2901 referendum
1153 2848 1205 2913 est,
1225 2844 1261 2899 cf.
1280 2863 1307 2914 p.
1328 2842 1379 2898 88¹.

332 2936 360 2999 2)
378 2932 488 2988 Nomen
507 2933 565 2987 eius
584 2949 640 2987 non
659 2934 770 3002 saepius
789 2934 847 3003 legi
866 2935 941 2988 haud
961 2935 1063 2989 mirum
1082 2936 1133 3004 est,
1153 2934 1176 2988 si
1190 2934 1355 3003 primarium
1368 2947 1419 2984 eum

262 3022 344 3075 huius
358 3021 515 3091 particulae
530 3023 672 3075 auctorem
688 3038 748 3077 esse
763 3023 925 3088 statuimus3
946 3024 1031 3078 etiam
1045 3024 1134 3078 Demo
1148 3023 1177 3077 in
1192 3022 1329 3091 excerptis
1343 3019 1419 3073 multo

261 3109 428 3181 largioribus
446 3128 503 3165 non
526 3110 629 3165 citatur
647 3110 676 3164 in
690 3112 748 3164 MP
763 3112 817 3166 nisi
835 3112 879 3167 bis
896 3113 984 3169 terve.
1018 3112 1115 3180 Neque
1129 3112 1232 3179 obstat,
1251 3111 1328 3179 quod
1341 3105 1420 3177 operis

262 3203 324 3267 περὶ
345 3204 501 3267 παροιμιῶν
524 3200 683 3269 fragmenta
705 3198 820 3254 aliunde
842 3203 910 3255 nota
933 3201 986 3255 hoc
1009 3201 1072 3256 loco
1096 3218 1152 3256 non
1174 3201 1299 3255 invenies
1322 3197 1437 3268 praeter

263 3288 384 3345 vicinum
409 3289 480 3343 illud
499 3294 533 3343 38
553 3314 586 3334 =
605 3288 638 3343 fr.
657 3287 720 3357 VII,
748 3291 826 3344 certa
848 3288 922 3344 enim
944 3306 1001 3346 non
1019 3288 1155 3345 habemus
1172 3290 1228 3344 nisi
1246 3290 1367 3358 quinque
1382 3282 1420 3339 rel
1440 3294 1443 3342 ἶ

265 3392 312 3430 sex
330 3376 380 3445 (ΙΧ
398 3378 434 3431 ad
452 3376 646 3446 Aristotelem,
672 3376 711 3431 HI
733 3376 760 3431 V
781 3377 821 3431 VI
843 3379 880 3432 ad
903 3378 1053 3447 comicum,
1080 3378 1145 3432 VIII
1172 3378 1198 3431 X
1224 3377 1295 3431 XIII
1317 3377 1351 3432 ad
1373 3372 1419 3425 alit

265 3464 443 3532 grammatici
452 3481 537 3534 opera
552 3465 705 3535 referenda,
720 3483 786 3520 narn
800 3467 892 3521 minus
906 3467 982 3521 recte
991 3464 1134 3536 Apostolii
1147 3466 1316 3521 anctoritate
1331 3464 1420 3518 abusus
1442 3506 1444 3516 .

264 3556 306 3609 est
325 3552 475 3617 Nauckius)
499 3570 585 3622 eaque
609 3556 726 3624 excepto
751 3553 1006 3623 xn(=1111es)
1030 3555 1201 3624 pertinentia
1226 3554 1263 3609 ad
1286 3548 1419 3624 proverbia
1441 3552 1443 3589 Ι

266 3641 295 3694 in
309 3641 338 3693 M
357 3640 522 3696 desiderata.
550 3642 694 3711 Perpauca
712 3644 765 3696 hoc
782 3643 973 3713 fragmentum
992 3643 1151 3698 communia
1169 3643 1256 3698 hahet
1275 3662 1336 3698 cum
1354 3638 1418 3693 Cois·
1440 3630 1444 3717 Ι

264 3728 383 3785 liniano:
400 3729 476 3785 cuius
490 3729 638 3801 farraginis
655 3732 821 3785 ‘auctorem'
837 3748 985 3801 usurpasse
1002 3732 1086 3800 ‘quae
1099 3731 1135 3785 ab
1149 3731 1337 3802 Aristophane
1350 3727 1418 3782 docte
1440 3735 1442 3765 ³

265 3819 454 3873 commentata
473 3819 562 3874 erant’
584 3819 704 3875 coniecit
719 3820 831 3888 quidem
847 3820 1074 3875 Schneidewinus
1088 3839 1115 3890 p.
1130 3820 1248 3874 XXXIII
1262 3820 1338 3875 nullo
1350 3831 1417 3884 argu·
1438 3796 1443 3865 Ι

266 3898 359 3961 mento
379 3924 454 3975 usus,
469 3907 522 3967 ¹sed
540 3924 630 3986 nemo¹
642 3908 738 3962 credet
751 3908 895 3978 copiarum
911 3908 1144 3964 Coislinianarum
1157 3909 1252 3965 indole
1267 3905 1415 3965 examinata

336 3999 364 4067 3)
382 3994 559 4051 Antecedunt
578 3996 632 4051 duo
650 3998 801 4066 proverbia
819 3997 992 4068 Chrysippea
1012 4005 1044 4053 77
1064 4016 1082 4052 a
1098 3998 1232 4053 continuo
1251 3999 1305 4054 hoc
1322 3994 1416 4067 agmi110

266 4084 387 4154 quinque
405 4084 579 4155 interpositis
599 4085 739 4154 seiuncta,
759 4104 876 4155 quornm
894 4087 1084 4143 enarrationes
1103 4086 1208 4156 partim
1226 4088 1337 4143 aliunde
1354 4096 1417 4151 repe
1444 4083 1446 4161 ζ

264 4174 335 4229 titae
354 4175 427 4243 sunt,
446 4172 552 4243 partim
568 4174 692 4229 incertae
712 4177 778 4229 sunt
796 4176 920 4245 originis.
1444 4167 1446 4252 Ι

336 4267 363 4333 4)
379 4265 409 4319 ln
424 4263 464 4318 eis
480 4280 553 4333 qnae
568 4266 720 4331 sequuntur
729 4265 910 4320 Laurentiani
924 4282 1054 4320 numeros
1063 4264 1165 4321 Athois
1179 4266 1311 4323 cancellis
1324 4262 1417 4331 saeptofl
1444 4259 1446 4342 l

266 4352 395 4407 adiciam.
1444 4347 1446 4428 Ι
