2925 5050
721 296 938 361 ..44-

251 454 352 530 Quem
376 455 522 520 adhibuit
546 456 675 540 quidem
697 456 889 521 Gaisfordus
910 455 963 540 (ci.
982 455 1084 542 praef.
1105 481 1135 542 p.
1155 454 1226 542 Vl),
1249 455 1317 538 sed,
1341 477 1418 539 quae

251 562 318 626 eius
346 566 416 627 erat
444 553 657 646 consuetudo,
688 584 755 627 non
782 563 945 647 exhausit3
976 564 1099 643 frastra
1130 564 1212 626 enim
1238 565 1328 646 aprrd
1353 584 1418 626 eum

250 691 382 751 quaeres,
404 691 480 751 qaae
507 692 604 753 nuper
627 669 743 736 Coetus
765 669 870 736 Gatal.
898 694 928 754 p.
956 671 1021 735 387
1045 690 1083 733 aa
1109 671 1165 734 illo
1191 675 1248 733 aed
1273 671 1419 752 excerpsit

251 776 354 859 (velut
377 775 403 840 ὦ
426 777 625 856 (Ηράκλεις
649 778 683 842 τί
706 778 832 861 μαίνῃ·
861 779 914 842 ἐπὶ
943 781 1009 842 τῶν
1033 774 1269 861 θυμουμένων),
1292 782 1352 840 out
1373 776 1419 839 tis

251 884 347 948 cabis
368 885 564 966 sipuificaoit:
594 882 795 948 ‘adfertmtur
822 883 876 948 hio
901 883 972 948 illic
998 883 1157 947 nonnulla
1184 905 1267 967 quae
1293 882 1419 946 interea

251 996 315 1054 tom
337 1013 352 1054 e
374 992 471 1055 codice
498 991 646 1055 Vaticano
673 1012 767 1073 qaam
790 1013 805 1055 e
828 990 944 1055 Surdae
970 992 1150 1056 coubctioae
1177 1014 1197 1054 a
1220 989 1360 1055 Schotto
1387 990 1419 1051 in

228 1098 354 1168 ¹lucem
381 1099 509 1181 prolata
537 1097 631 1162 sunt’
682 1096 778 1163 Certe
806 1098 888 1162 talia
914 1098 970 1162 ubi
999 1098 1183 1163 accidenmt
1214 1097 1295 1181 ipsis
1330 1096 1419 1160 Gais-

250 1202 342 1268 fordo
375 1207 407 1267 et
434 1201 564 1288 Bastio,
597 1227 722 1270 mecum
752 1205 931 1288 dubitabis,
965 1204 1112 1289 possitne
1143 1204 1285 1269 Pariani
1313 1201 1419 1267 3070b

251 1310 393 1374 conlatio
417 1311 458 1375 ab
482 1333 643 1395 anonymo
670 1312 705 1376 in
731 1335 826 1376 usum
852 1310 1017 1376 Gaisfordi
1044 1311 1193 1376 confecta
1220 1334 1278 1395 pro
1307 1311 1420 1375 funda·

252 1421 360 1482 mento
385 1440 454 1482 esse
476 1418 511 1482 in
533 1419 718 1484 recensione
746 1419 954 1504 volgatarum
984 1420 1080 1504 longe
1108 1419 1304 1504 gravissima
1326 1419 1419 1482 resti·

251 1525 377 1588 tuenda.
428 1524 481 1588 Ab
513 1524 564 1588 his
598 1547 793 1609 quamquam
828 1526 981 1590 differunt
1014 1548 1092 1590 sane
1120 1524 1241 1589 Milleri
1268 1529 1422 1608 excerpta

251 1651 345 1697 curae
368 1631 619 1718 diligentiaeque
649 1632 754 1718 specie
777 1632 932 1718 iusignia,
965 1637 1077 1697 tamen
1107 1633 1206 1697 etiam
1233 1632 1269 1695 in
1295 1632 1341 1695 eis
1373 1636 1422 1695 est

252 1739 307 1804 ubi
331 1741 368 1804 de
391 1738 494 1804 Atboi
517 1739 680 1823 scriptura
700 1739 865 1825 ambigere
890 1740 1010 1824 possis:
1035 1738 1160 1804 velutI
1183 1739 1223 1803 14
1241 1739 1421 1803 Δαιδάλεια

250 1846 462 1930 ποιήματα,·Ι
485 1847 529 1910 34
552 1845 683 1925 texero(
708 1849 836 1924 Μυαῶν,
864 1845 898 1910 Π
922 1847 965 1911 66
988 1846 1157 1911 Ῐαντὰλου
1185 1847 1327 1911 τάλαντα
1353 1869 1422 1910 non

250 1953 401 2018 discimus
426 1953 532 2018 sintne
556 1953 672 2018 ultima
700 1953 760 2017 illa
788 1975 869 2038 quae
897 1953 1056 2037 praebent
1079 1953 1205 2018 codices
1235 1953 1362 2038 vulgati
1388 1954 1422 2016 in

249 2060 283 2124 M
308 2060 429 2125 omissa
451 2082 550 2126 necne
559 2058 592 2147 ¹).
1448 2140 1449 2143 Ἴ

337 2166 453 2252 Itaque
481 2166 653 2230 subtiliora
688 2167 798 2230 omnia
826 2166 865 2230 ad
897 2165 987 2230 aliud
1013 2169 1142 2248 tempus
1171 2166 1353 2230 differentes
1388 2167 1422 2229 in

201 2281 204 2288 '
250 2273 432 2338 universam
460 2273 683 2339 recensionum
711 2273 955 2358 principalium,
982 2271 1102 2338 Atace
1129 2277 1162 2336 et
1188 2273 1337 2355 aolpatoe,
1364 2296 1421 2336 na·
1448 2260 1449 2315 i

250 2383 358 2444 turam
385 2380 544 2463 fidemque
571 2380 781 2463 inquiramus.
826 2380 961 2444 Initium
988 2384 1025 2445 ut
1058 2378 1099 2444 ab
1123 2378 1235 2444 Athea
1261 2380 1422 2444 faciamus

250 2511 301 2554 res
324 2489 479 2573 postulat.
1449 2510 1451 2641 p

323 2665 348 2733 1)
366 2664 461 2719 Etiam
476 2665 643 2719 recentiores
661 2664 727 2719 illae
742 2664 931 2743 conlectiones
945 2680 1113 2733 anonymae,
1133 2665 1233 2733 quibus
1253 2662 1345 2715 ‘nulla
1363 2664 1420 2715 fere
1450 2650 1451 2661 ¹

245 2754 422 2823 ,bibliotheca
435 2754 567 2808 librorum
578 2772 663 2807 manu
673 2753 841 2822 scriptorum
850 2752 935 2823 copia
944 2753 1039 2822 paullo
1049 2751 1221 2807 instructior’
1234 2750 1420 2819 (Schneidew.

250 2844 304 2900 vol.
323 2843 336 2894 Ι
355 2843 440 2912 praef.
461 2862 487 2912 p.
507 2842 633 2911 XXXIV)
653 2844 743 2909 caret,
767 2845 963 2897 recenseantur
986 2844 1014 2895 et
1037 2841 1214 2895 excutiantur
1236 2856 1350 2894 necesse
1369 2844 1420 2893 est.

250 2932 323 2986 Nam
341 2933 461 2999 quantae
481 2948 619 2999 quamque
633 2930 772 3000 pretiosae
786 2931 816 2984 in
830 2931 870 2985 eis
883 2932 972 2991 latera
987 2930 1093 2998 possint
1107 2929 1219 2999 copiae,
1238 2928 1294 2998 ipsi
1308 2928 1421 2983 codices

248 3021 354 3076 BCKS
368 3022 513 3075 testantur.
533 3019 574 3073 Of.
589 3022 701 3088 praeter
716 3019 876 3074 Fabricium
889 3017 957 3074 bibl.
969 3018 1045 3073 Gr.V
1059 3038 1086 3088 p.
1100 3025 1151 3073 106
1165 3019 1242 3073 Harl.
1253 3018 1420 3072 Creuzerum

251 3111 285 3165 ‘a
305 3110 404 3164 Gescb.
423 3109 473 3162 der
491 3126 531 3177 gr.
552 3126 577 3162 u.
592 3123 678 3161 roem.
693 3108 759 3163 nit!
779 3127 807 3178 p.
822 3114 874 3162 317
889 3125 938 3175 αα,
958 3108 1098 3161 Millerum
1119 3108 1285 3174 ‘catalogue
1304 3149 1310 3159 .
1332 3150 1338 3160 .
1359 3148 1364 3157 .
1384 3106 1420 3157 de

249 3198 405 3253 l'llscurial'
424 3215 452 3267 p.
473 3202 506 3251 58
526 3197 707 3265 ebt-12),
727 3204 778 3251 299
798 3198 994 3265 (Χ-1-13),
1011 3202 1062 3250 493
1082 3196 1293 3264 (x-Iv-1o)
1313 3195 1361 3249 all.
