2925 5050
747 264 962 329 ,48-

270 422 399 494 μονάδᾳς.
427 423 531 487 κύβον
545 422 620 489 γάρ,
640 421 714 489 φαςί,
730 424 831 488 διχῶς
849 424 981 489 ἔλεγον,
1000 423 1084 476 αύτδ
1101 438 1138 475 τε
1156 423 1194 474 τὸ
1213 422 1444 489 ἀναρριπτού·

268 527 381 578 μενον,
400 512 466 564 ὅθεν
490 509 623 577 παροιμία
645 514 763 578 τραγικὴ
785 512 831 564 ud·
856 512 898 564 ἀεὶ
920 513 975 578 γὰρ
995 512 1027 564 εύ
1049 510 1193 565 πίπτουςιν
1217 510 1243 564 οἱ
1262 512 1335 564 Διὸς
1361 512 1444 578 κύβοι,

268 601 312 652 καί
331 602 384 666 τὴν
403 599 433 652 ὲν
452 600 529 668 αύτῷ
550 601 657 665 μονάδα
676 604 735 653 κτλ,

358 687 549 755 Suetonium
573 695 704 756 auctore
723 691 879 776 primario
897 690 1041 776 Didymo
1064 714 1159 756 usum
1179 715 1249 756 esse
1268 693 1444 757 Fresenius

269 797 407 863 coniecit
433 822 464 882 p.
490 795 577 884 78¹);
606 821 687 883 quae
715 799 856 884 suspicio
879 800 1028 865 firmatur
1056 822 1214 865 consensu
1238 798 1394 865 Suetonii
1419 803 1444 861 et

269 903 402 970 Zenobii
426 927 445 969 a
467 904 609 988 Didymo
633 905 812 990 pendentis.
859 905 894 969 M
916 908 1028 970 iterum
1050 905 1182 987 Didymi
1204 907 1262 970 illa
1284 909 1404 971 omisit,

358 1012 466 1096 Atque
491 1011 576 1095 quod
599 1011 634 1076 in
653 1011 778 1077 duobus
797 1012 849 1077 his
869 1013 1025 1097 exemplis
1048 1017 1172 1077 certum
1195 1013 1334 1097 videtur,
1360 1013 1397 1076 id
1415 1013 1444 1102 in

271 1120 344 1184 aliis
368 1118 518 1205 plurimis
542 1119 610 1184 veri
638 1123 688 1184 est
717 1119 931 1184 simillimum.
975 1119 1062 1184 Nam
1088 1120 1176 1185 haud
1202 1143 1324 1205 paucos
1355 1119 1444 1183 inlll

270 1227 414 1292 invenies
439 1229 542 1310 lotoe,
573 1226 630 1291 ubi
654 1227 877 1293 enarrationes
900 1228 1029 1312 ineptae
1053 1228 1088 1291 in
1110 1227 1272 1292 codicibus
1296 1228 1444 1312 volgatis

271 1331 428 1418 (Didymo
461 1338 498 1397 ut
535 1333 663 1398 videtur
696 1333 842 1419 auctore)
875 1336 1026 1420 explosae
1064 1335 1153 1399 solae
1186 1338 1335 1399 servatae
1373 1338 1444 1396 sunl

271 1462 366 1505 verae
398 1440 684 1525 interpretationes
714 1464 898 1526 oppressae.
944 1441 1044 1505 Velut
1066 1441 1101 1505 M
1123 1439 1202 1505 150
1229 1444 1264 1506 ἐν
1294 1444 1367 1525 Κέῳ
1402 1440 1444 1503 τίς

271 1549 372 1627 ἡμέρα
395 1546 603 1632 proverbium
630 1547 817 1612 illustratur
844 1549 983 1613 historia
1006 1548 1162 1614 Demonis
1187 1548 1357 1633 ingenium
1382 1547 1444 1630 spi-

272 1659 364 1720 rante
393 1660 426 1719 et
457 1653 555 1720 nimia
587 1654 698 1740 inepte
726 1656 908 1740 explicatur
938 1656 1015 1722 ὅθεν
1045 1658 1064 1735 ἡ
1094 1657 1246 1735 παροιμία
1273 1655 1443 1734 ἐκράτηςςν

273 1759 358 1843 (tota
382 1765 458 1824 sunt
480 1758 653 1846 Demonis)
677 1763 730 1826 ἐπὶ
754 1767 820 1826 τῶν
843 1763 1080 1842 δειπνιῑόντων,
1104 1763 1232 1827 additur
1255 1765 1368 1825 autem
1395 1762 1442 1836 μέ-

272 1889 384 1946 μνηται
416 1869 532 1948 ταύτης
563 1869 703 1948 Δίφιλος
736 1870 772 1933 ἐν
804 1870 968 1950 Λευκαδίᾳ.
1015 1869 1136 1933 Verum
1164 1870 1226 1933 hoc
1252 1867 1441 1932 testimonio

273 1973 448 2057 Didymum
463 1975 656 2038 sententiam
676 1975 769 2038 illam
784 1975 945 2038 refutasse
960 1975 1098 2039 efficitur
1112 1973 1283 2039 Bodleiani
1301 1976 1371 2039 365
1391 1971 1405 2058 (
1421 1972 1442 2034 f.

272 2079 350 2144 Hes.
374 2105 398 2147 s.
422 2080 463 2165 v.)
488 2081 595 2145 verbis
615 2083 753 2146 ἐπὶτῶν
773 2081 956 2159 ἀγνώςτων.
993 2083 1106 2147 Οὐδείς
1125 2082 1186 2161 γὰρ
1211 2081 1299 2147 οἶδεν
1319 2085 1357 2146 ἑν
1378 2084 1441 2162 Κέῳ

247 2219 249 2222 ·
272 2188 319 2250 τίς
342 2189 361 2266 ἡ
385 2189 494 2265 ἡμέρα,
518 2187 566 2251 ὅτι
587 2188 646 2267 οὐχ
666 2189 788 2252 ἑςτᾶςιν
808 2189 839 2253 αἱ
858 2189 980 2269 ἡμέραι,
1004 2187 1075 2252 ἀλλ’
1093 2187 1137 2251 ὡς
1157 2169 1280 2253 trucior
1299 2192 1442 2254 θέλουςιν

274 2291 446 2380 deotolf)
485 2295 585 2359 Ὅθεν
608 2297 735 2372 λέγεται
758 2296 863 2378 ςαύτῳ
883 2293 928 2381 (ί)
952 2295 1127 2374 νουμηνίαν
1152 2297 1325 2378 κηρύςςεις;
1349 2295 1441 2358 verba

275 2400 360 2464 enim
380 2402 486 2464 οὐδεὶς
509 2402 570 2480 γὰρ
590 2401 678 2466 οἶδεν
702 2406 766 2466 κτλ.
786 2407 902 2486 poetae
926 2402 1049 2466 comico
1069 2399 1240 2487 (Diphilo‘l
1260 2402 1299 2466 cf.
1318 2403 1392 2466 adn.
1409 2398 1440 2482 2)

274 2507 448 2572 tribuenda
471 2508 565 2573 alteri
589 2509 639 2573 illi
664 2509 874 2594 explicationi
896 2510 1145 2595 patrocinantur
1173 2511 1273 2596 longa
1300 2509 1442 2602 diversae

276 2618 373 2698 atque
398 2615 508 2679 eadem
531 2616 658 2681 ratione
682 2617 889 2701 proverbium
918 2617 1067 2681 adhibuit
1095 2617 1193 2680 etiam
1217 2616 1332 2683 Crates
1363 2607 1442 2700 apud

276 2722 479 2788 Athenaeum
509 2721 565 2807 (π
594 2722 755 2807 Pamphil.
779 2756 820 2776 =
849 2720 994 2809 Didym.)
1023 2721 1073 2785 ΙΙΙ
1100 2748 1130 2807 p.
1158 2725 1218 2787 117
1243 2723 1270 2786 Β
1297 2725 1333 2787 in
1362 2722 1441 2792 exitu

276 2830 385 2915 griphi
408 2830 505 2914 lepidi
529 2830 566 2893 fr.
587 2830 629 2894 29
654 2855 684 2914 p.
706 2832 768 2893 139
788 2830 836 2914 K,
859 2833 914 2895 ubi
938 2830 1058 2915 ‘ecquis
1082 2836 1226 2894 vestmm
1250 2830 1361 2916 griphi
1384 2824 1440 2932 inei

276 2937 471 3001 sententiam
495 2935 667 2999 intellexit'
687 2936 856 3021 ingeniose
874 2938 1108 3022 interpretatur
1128 2936 1323 3000 novissimus
1344 2937 1439 3020 editoq

276 3068 306 3127 p.
333 3045 403 3108 140.
450 3042 558 3127 Atque
582 3043 644 3107 huc
667 3044 870 3107 referendum
894 3025 1021 3108 videtur
1046 3044 1146 3107 etiam
1169 3043 1203 3107 M
1225 3042 1242 3106 I
1266 3044 1308 3107 30
1334 3025 1440 3120 edbald

278 3153 376 3229 Κᾶρες
391 3150 449 3215 οὐκ
464 3150 512 3214 ἔτ’
527 3149 771 3235 'Aveecrqp1u³),
791 3152 847 3215 ubi
862 3152 923 3215 soli
941 3150 1011 3216 BV
1031 3160 1160 3235 praeter
1174 3137 1438 3216 narratiunculaul

276 3255 513 3322 Demonianam
533 3256 587 3343 (cf.
608 3282 680 3342 app.
698 3256 728 3341 Ι)
754 3258 969 3342 antiquiorem
992 3257 1158 3342 proverbii
1175 3257 1314 3321 formam
1335 3258 1437 3356 0139qu

350 3417 375 3483 1)
395 3415 435 3471 of.
455 3434 518 3485 app.
534 3416 560 3468 Il
578 3418 674 3471 nostra
693 3416 730 3469 ad
749 3415 777 3468 M
792 3416 818 3469 ΙΙ
833 3421 875 3469 51.
908 3415 1080 3469 Tarrhaeum
1099 3415 1226 3484 appellat
1245 3411 1436 3498 Schneidewinl

349 3505 377 3571 2)
397 3504 474 3560 Haeo
498 3506 593 3559 comici
617 3510 713 3573 poetae
741 3505 824 3557 verba
846 3505 937 3558 solata
964 3503 1096 3557 videntur
1118 3505 1220 3571 (οὐδεὶς
1243 3505 1296 3570 γὰρ
1319 3502 1436 3638 olbevtq

279 3594 336 3663 Κέψ
362 3594 404 3648 τίς
431 3594 472 3663 [ἡ]
496 3596 585 3661 ἡμέρα
612 3594 741 3647 trimeter
768 3592 887 3662 integer)
910 3593 1005 3647 Athoo
1029 3592 1100 3647 duee
1123 3591 1238 3662 Diphilo
1261 3592 1433 3655 restituenda

277 3683 349 3737 tales
367 3682 422 3737 loci
441 3682 575 3750 requisita
593 3682 715 3751 quadam
735 3682 862 3736 doctrina
876 3682 975 3750 repleti
989 3682 1066 3737 haud
1084 3681 1273 3749 infrequentes
1291 3684 1355 3735 sunt
1370 3674 1434 3780 apud

278 3771 445 3825 recentiores
460 3770 635 3839 potissimum
650 3772 782 3839 comicos,
800 3771 835 3827 ef.
849 3771 971 3825 eiusdem
987 3771 1057 3824 illud
1071 3769 1180 3839 Diphili
1194 3787 1264 3824 eom.
1279 3770 1312 3823 fr.
1327 3766 1432 3822 Meinet

278 3860 317 3912 ΙΙΙ
336 3879 361 3929 p.
383 3866 434 3914 492
458 3861 605 3928 ἄνθρωπος
631 3861 701 3914 εἷναί
725 3878 771 3926 μοι
795 3862 946 3928 Κυρηναῖος
973 3863 1072 3914 δοκεῖς·
1102 3862 1178 3913 κάκεῖ
1200 3860 1254 3926 γὰρ
1278 3861 1312 3912 ἄν
1335 3876 1372 3912 τις
1397 3833 1433 3920 tull

277 3952 311 4003 τὸ
335 3951 449 4003 δεῖπνον
472 3951 521 4002 ἕνα
543 3953 626 4019 καλῇ,
651 3951 773 4017 πάρειςιν
797 3949 986 4003 ὀκτωκαίδεκα
1010 3952 1066 4003 κτλ.
1087 3980 1120 3987 -
1145 3945 1256 4000 Similia
1277 3947 1307 4000 in
1326 3942 1432 4062 Zenobiq

278 4036 390 4106 saepius
410 4038 453 4092 est
472 4037 632 4093 observare:
653 4038 687 4092 cf.
703 4054 801 4092 versus
815 4037 1000 4091 Menandreos
1013 4035 1140 4090 turbatos
1155 4038 1184 4090 et
1196 4052 1247 4105 pro
1262 4035 1431 4104 explicatione

278 4126 419 4183 adhibitos
443 4127 465 4180 P
488 4126 514 4180 Il
534 4131 567 4181 58
591 4152 625 4173 a
647 4128 677 4181 M
701 4126 762 4195 14,
791 4129 914 4195 atquae
937 4127 976 4181 de
1003 4144 1100 4196 provv.
1124 4127 1208 4192 ἑορτὴ
1230 4127 1320 4179 πόδας
1341 4085 1431 4202 ἔχονταί

279 4218 382 4271 Μυςῶν
401 4218 526 4283 ἔςχατος,
547 4219 595 4270 ςύν
616 4218 718 4286 Ἀθηνᾷ
737 4220 781 4271 καί
799 4223 878 4284 χεῖρα
896 4216 962 4270 κίνει
981 4232 1150 4285 exponemus
1169 4233 1196 4284 p.
1212 4214 1263 4267 62¹
1282 4219 1317 4267 49
1336 4219 1365 4266 57
1383 4221 1430 4279 sq*

350 4307 377 4375 3)
398 4304 573 4374 Quamquam
593 4304 627 4358 de
647 4306 700 4359 hoo
715 4306 828 4374 quidem
842 4305 905 4360 loco
922 4305 1041 4359 fortasse
1061 4302 1202 4358 dubitatio
1221 4302 1274 4356 tibi
1293 4302 1393 4357 accidet
1406 4249 1430 4353 ii

282 4395 458 4464 volgatorum
474 4394 602 4449 codicum
617 4392 848 4463 interpolationes
864 4394 1021 4449 accuratius
1035 4392 1196 4461 inquirenti,
1215 4391 1250 4445 cf.
1265 4408 1326 4461 cap.
1340 4392 1374 4444 ΙΙΙ
1386 4397 1397 4455 5
1408 4363 1429 4486 tl

1426 4503 1428 4626 l
