2925 5050
536 295 751 360 ..55-

46 451 152 531 κὰβοε
180 453 217 518 Μ
240 451 398 536 1118231)
421 475 498 518 nam
522 453 564 518 ad
587 455 688 533 κερδώ
713 455 733 519 i.
752 476 778 517 e.
797 454 997 537 volpeculam
1021 456 1073 518 vix
1096 454 1233 519 referen-

47 559 139 622 dum.
194 559 287 625 Prior
310 560 473 624 lemmatis
501 583 576 644 pars
605 561 818 643 explicatione
846 561 977 624 omnino
1005 565 1106 645 caret,
1135 584 1232 645 quam

45 670 125 749 post
151 668 340 732 ἐντέτακται
364 666 519 732 excidisse
543 667 613 751 ipsa
637 668 655 746 ἡ
676 669 735 746 μὲν
754 718 760 731 .
781 721 787 733 .
807 716 814 732 .
833 668 931 731 verba
954 669 1096 732 clamant
1115 669 1231 752 quibus

46 773 138 855 quod
174 772 362 857 oppositum
392 774 436 836 sit
466 775 486 852 ἡ
517 775 552 838 δὲ
579 823 615 840 ..
640 825 646 837 .
669 773 793 838 frustra
820 771 996 860 quaeres.²)
1042 775 1156 859 Itaque
1185 775 1230 839 lu-

45 879 182 946 bricum
207 885 258 945 est
286 880 326 944 de
350 879 441 944 miris
471 881 536 944 illis
564 880 671 945 verbis
701 884 823 945 certam
851 881 996 964 proferre
1027 884 1229 947 sententiam.

47 987 263 1072 Quamquam
289 1009 367 1051 sana
392 1009 430 1052 ea
448 1009 518 1052 esse
541 1009 607 1052 non
632 988 725 1052 credo
750 991 847 1072 atque
871 988 966 1053 facile
990 989 1133 1074 corriges
1157 993 1229 1054 λευ-

47 1095 201 1160 κώλενοι
216 1094 302 1179 (ὼε)
319 1095 416 1160 λίνον.
447 1092 520 1158 Nisi
540 1095 743 1160 λευκώλενον
761 1096 841 1159 illud
856 1096 1074 1160 diasceuastae
1089 1095 1142 1182 (ef.
1158 1099 1178 1177 ς
1193 1095 1228 1180 3)

44 1200 263 1266 tribuendam
287 1204 337 1265 est
360 1222 379 1263 a
402 1199 625 1286 dittographia
647 1200 787 1266 fortasse
807 1202 994 1268 λευκόλινον
1019 1207 1109 1268 λινον
1132 1205 1228 1287 proli·

44 1310 188 1373 cisoenti
209 1312 271 1374 :ut
298 1307 447 1391 primitus
476 1329 574 1370 unum
599 1307 786 1372 λευκόλινον
813 1309 969 1390 scriptum
996 1308 1121 1374 fuerit:
1142 1311 1228 1393 quod

46 1417 79 1478 in
99 1416 274 1480 comoedia
294 1413 371 1498 (quo
392 1415 490 1478 etiem
507 1415 634 1492 Κέρδων
648 1413 776 1478 videtur
795 1417 956 1498 spectare)
976 1415 1018 1478 ad
1036 1417 1228 1482 munditiem

48 1523 299 1588 describendam
321 1521 501 1586 adhibitum
515 1521 616 1585 fuisse
631 1521 704 1585 inde
719 1525 829 1606 potest
843 1523 955 1606 conici,
974 1523 1060 1607 quod
1076 1524 1227 1607 opposito

51 1630 111 1694 illo
138 1629 290 1712 ὠμολίνῳ
311 1628 496 1712 spurcitiem
516 1631 804 1712 paupertatemque
827 1629 955 1693 notavit
974 1628 1125 1694 Cratinus
1150 1632 1188 1695 fr.
1208 1632 1228 1694 9

47 1762 77 1820 p.
106 1739 151 1800 14
180 1736 294 1819 Kouk,
322 1758 417 1819 quem
445 1735 531 1817 vide3
560 1735 599 1800 cf.
628 1736 727 1800 etiam
753 1736 897 1799 Alcman.
920 1736 958 1800 fr.
983 1738 1026 1801 80
1052 1736 1103 1800 Ill
1129 1760 1159 1820 p.
1183 1740 1227 1801 62

45 1841 148 1928 Βρλε4
178 1842 267 1908 οἷκαε
301 1846 358 1923 μὲν
388 1843 497 1926 ὡραίῳ
526 1843 617 1926 λίνῳ,
646 1842 674 1907 Β
700 1844 741 1907 72
769 1841 826 1927 (=
851 1866 924 1927 app.
947 1867 994 1927 pr.
1017 1843 1033 1906 Ι
1057 1843 1115 1929 44)
1145 1843 1225 1924 ἄχνη

48 1950 143 2015 λίνου
169 1971 241 2014 cum
264 1949 427 2014 Leutschii
452 1949 670 2014 adnotatione.

122 2181 149 2246 1)
175 2181 194 2233 l.
215 2195 239 2232 e.
258 2178 341 2244 κάβοε
365 2176 424 2232 εἰπε
450 2176 515 2244 viri,
544 2177 699 2246 quirinum
723 2178 844 2233 vendere
867 2179 941 2232 solet
962 2195 1013 2248 pro
1037 2179 1157 2235 duobus:
1190 2181 1225 2236 of.

50 2270 186 2324 Κιυδάλου
204 2271 289 2336 χοῖνιξ
304 2266 327 2318 Β
342 2272 393 2322 565
414 2269 442 2320 et
460 2268 586 2322 nostrum
605 2266 675 2334 „mit
693 2267 743 2320 der
758 2267 965 2322 Schneiderelle
980 2271 1119 2335 messen“;
1139 2287 1224 2338 prave

50 2361 136 2425 κάβοε
150 2360 237 2424 κάβου
253 2357 273 2411 C
288 2361 349 2422 278,
368 2373 424 2424 quo
444 2355 478 2408 de
499 2373 547 2409 suo
563 2355 623 2410 iure
638 2355 780 2411 dubitavit
792 2357 948 2411 Meinekius
963 2375 1033 2412 com.
1048 2358 1082 2413 fr.
1097 2359 1151 2414 vol.
1168 2358 1194 2410 ll
1209 2364 1223 2410 1

50 2465 77 2515 p.
99 2453 142 2503 79,
182 2446 272 2499 Simili
297 2445 402 2498 ratione
422 2443 539 2498 Alcman
563 2443 634 2499 dixit
652 2444 684 2500 fr.
704 2451 738 2499 27
762 2444 801 2497 lIl
819 2463 846 2514 p.
871 2451 904 2499 47
929 2444 1015 2513 Bglr4
1034 2447 1221 2512 Πολλαλέγων

50 2538 150 2603 ὄνυμ’
170 2536 257 2603 ἀνδρί,
277 2536 385 2600 γυναικί
404 2535 434 2587 δέ
452 2534 615 2601 Παειχάρηο
639 2535 723 2601 atque
741 2537 810 2589 nota
828 2537 894 2589 sunt
918 2530 1079 2606 comoediae
1100 2536 1225 2591 ‘uomina

51 2624 263 2694 significantia'.
300 2623 444 2679 Pertinent
468 2623 523 2675 huc
546 2623 632 2676 etiam
654 2623 804 2691 proverbia
825 2624 855 2676 in
878 2624 941 2677 lusu
964 2626 1113 2679 verborum
1131 2626 1225 2694 posita

51 2733 122 2785 quae
147 2714 282 2783 originem
306 2713 411 2767 ducunt
434 2730 451 2767 a
475 2712 634 2768 nominibus
656 2712 776 2781 propriis
805 2714 855 2766 aut
882 2714 1020 2767 nobilium
1048 2714 1224 2781 quorundam

50 2805 194 2859 hominum
205 2802 326 2859 —velut
340 2802 530 2870 εὐγενὲετεροε
545 2802 651 2871 Κόδρου
666 2804 711 2868 (=
726 2804 830 2867 κυδροθ
845 2817 879 2854 ex
890 2800 1029 2855 Welclreri
1044 2800 1223 2871 coniectura),

51 2896 134 2948 Οἰνέα
151 2894 248 2961 Πηλέα
266 2897 354 2945 ποιεῖν
374 2890 501 2959 (Oreuzer
519 2890 537 2943 l.
553 2908 572 2943 s.
589 2908 610 2945 s.
625 2908 652 2959 p.
672 2892 748 2957 315),
766 2891 912 2945 Ταντάλου
930 2891 1054 2945 τάλαντα
1073 2890 1118 2960 (cf.
1140 2910 1224 2960 supra

50 3002 75 3052 p.
93 2982 266 3051 542)‚-.sur
284 2978 409 3049 gentium
427 2980 608 3045 locorumque
619 2978 741 3033 -velut
760 2982 825 3044 βοῡε
844 2980 962 3047 Κύπρια(
980 2983 1024 3047 (=
1045 2982 1157 3048 κδπριοε
1180 2984 1223 3051 [ut

53 3072 204 3141 Cyprianus
220 3070 378 3138 Capreuuus
397 3069 513 3123 vocatur
528 3064 655 3122 Lactant.
671 3066 725 3119 div.
742 3066 807 3120 inst.
822 3066 847 3119 V
863 3067 905 3137 1]:
926 3067 959 3121 οί.
974 3067 1088 3137 Antiph.
1104 3085 1173 3125 coru.
1188 3070 1228 3124 ir.

52 3161 88 3215 ΙΙΙ
112 3178 140 3229 p.
160 3165 193 3213 68
216 3158 266 3225 Μ.,
295 3156 363 3211 Eun.
387 3174 413 3225 p.
441 3161 493 3210 164
515 3154 598 3209 Vahl.
637 3154 750 3223 ‘Cyprio
773 3154 840 3209 bovi
867 3156 1028 3211 merendam
1054 3156 1222 3231 (merdam)

54 3249 180 3317 Ennius',
200 3248 239 3302 sic
254 3246 328 3300 enim
347 3245 457 3299 videtur
472 3244 669 3311 scribendum),
688 3244 729 3298 αἲξ
745 3244 845 3311 (κυρία
860 3246 992 3312 (Lobeclr.
1008 3245 1069 3314 Agl.
1089 3264 1116 3315 p.
1132 3250 1221 3316 1317),

54 3340 169 3405 Ἀργεῖοι
188 3342 282 3404 φῶρεε
300 3336 414 3403 (ἀργόε),
436 3335 560 3399 Ῥηγῖνο(
574 3334 688 3401 (ριγέω),
708 3334 854 3400 (υβαρῑται
873 3336 1010 3403 (εοβαρὸε)
1030 3336 1222 3391 διὰ.πλατείαε

54 3428 210 3493 (πλατύνων
218 3423 320 3480 Macar.
329 3424 380 3478 Vll
391 3425 444 3492 87),
454 3428 540 3490 γροδε
547 3422 663 3491 (έριφοε
673 3423 830 3493 (ετέριφοε),
840 3424 980 3490 Τεγεάτηε
989 3424 1062 3490 ’περί
1070 3442 1221 3493 πεπορνευ-

54 3516 142 3570 κότοε’
155 3515 234 3583 Diog.
245 3497 336 3567 iiaert.
345 3512 384 3567 VI
391 3519 423 3567 61
434 3513 527 3580 (τέγος
537 3537 569 3557 =
580 3511 718 3581 lupanar),
728 3518 821 3565 κακῶν
832 3513 907 3565 Ἰλιάε
916 3512 992 3581 (ἴλη),
1003 3512 1109 3580 δαίμων
1118 3515 1222 3570 Αίνειοε

54 3604 162 3673 (αἰνός),
178 3601 281 3657 similia
294 3602 480 3657 recentiorum
494 3602 541 3655 δέν
556 3602 605 3655 εἶν’
620 3601 740 3655 ἀπὸτοῦ
756 3602 843 3667 Δῶεε,
858 3601 920 3666 μον’
934 3602 985 3654 εἶν’
999 3602 1053 3655 ἀπὸ
1067 3608 1119 3655 τοι)
1134 3604 1220 3672 Πάρε,

55 3696 102 3747 εἶν’
116 3695 169 3747 ἀπὸ
183 3694 217 3746 τὸ
232 3692 353 3758 Ζητοῡνι
368 3689 506 3758 (Suadere,
523 3689 707 3744 ‘Volksleben
721 3689 746 3742 d.
758 3689 874 3757 Neugr.'
890 3708 916 3757 p.
930 3695 982 3743 226
996 3693 1068 3757 240).
1105 3690 1146 3746 De
1166 3710 1220 3760 quo

57 3799 155 3851 genere
173 3780 338 3836 facetiarum
357 3780 391 3833 cf.
410 3778 567 3847 interprett.
583 3778 724 3847 Aristoph.
745 3776 843 3845 equitt.
859 3783 901 3844 77,
921 3778 1024 3833 Brunk.
1045 3780 1129 3853 anall.
1148 3780 1175 3834 Il
1192 3799 1219 3850 p.

56 3876 112 3937 267,
130 3870 260 3925 Weloker
280 3869 335 3939 ‘ep
351 3867 438 3937 0501)
454 3868 467 3921 Ι
482 3886 507 3937 p.
523 3874 583 3935 411,
604 3866 786 3936 [Grasberger
801 3866 1006 3920 ‘Stiohnamen'
1023 3887 1049 3936 p.
1066 3874 1099 3921 23
1114 3874 1148 3942 35
1164 3872 1217 3937 51].

122 3964 147 4026 2)
165 3958 228 4013 Non
242 3957 378 4027 intellego
393 3958 479 4012 verba
494 3973 565 4025 quae
580 3958 644 4010 sunt
657 3958 690 4011 τδ
706 3958 737 4011 δέ
749 3960 856 4024 κερδῶν
866 3958 918 4009 οὐκ
930 3956 1099 4011 ἐντέτακται.
1131 3958 1219 4011 Facili

58 4046 165 4117 negotio
182 4046 304 4101 conicias
325 4048 468 4101 ἐκτέταται
482 4045 585 4115 (Draco
599 4046 719 4100 Straton.
735 4064 761 4115 p.
776 4052 818 4114 29,
835 4048 888 4113 14),
904 4045 979 4112 quod
991 4048 1041 4100 aut
1054 4046 1089 4099 ad
1106 4048 1220 4114 Κερδον-

58 4138 144 4206 stirpis
162 4145 177 4191 ῡ
196 4137 312 4207 spectet,
332 4139 426 4191 aut-
444 4136 467 4189 si
486 4135 568 4190 modo
588 4135 717 4190 ἐκτείνειν
737 4135 793 4189 dici
804 4136 906 4204 potest
923 4153 973 4204 pro
987 4142 1119 4203 περιεπᾶν
1136 4168 1166 4175 —-
1183 4137 1219 4190 ad

59 4229 161 4294 Κέρδων
184 4224 305 4281 nominis
327 4224 800 4295 paroxytonesin(cf.Coisl.150).
838 4224 892 4278 Sed
917 4241 967 4293 pro
991 4224 1094 4279 codicis
1118 4227 1219 4279 natura

59 4316 186 4370 nonnulla
201 4313 336 4369 excidisse
351 4312 525 4383 probabilius
542 4314 593 4389 est,
612 4313 713 4381 quibus
730 4312 797 4367 talis
813 4313 871 4368 fere
891 4312 1012 4368 evaserit
1029 4313 1107 4369 locus
1126 4314 1218 4381 qualis

60 4404 132 4458 Phot.
151 4404 162 4457 l
180 4423 207 4474 p.
222 4408 275 4457 254
289 4402 323 4456 N.
338 4420 359 4459 s.
374 4405 391 4472 ἡ
406 4405 430 4456 δ’
445 4404 475 4458 δε
490 4443 495 4455 .
512 4445 518 4457 .
534 4445 540 4457 .
555 4403 717 4470 έντετάχθαι
731 4404 784 4470 γὰρ
798 4404 904 4470 ἄρθρον
917 4403 951 4492 τι)
966 4403 1004 4456 δέ.
