2925 5050
517 279 756 343 -157-

60 444 117 504 τῶν
147 438 207 525 (τῷ
235 438 284 523 Μ)
316 438 487 518 τριάκοντα
521 438 679 517 κόθορνον
717 438 855 502 ἐκάλουν
888 437 918 501 οἱ
951 434 1124 517 Ἀθηναῖοι.
1170 437 1223 501 ἐπὶ

61 550 119 610 τῶν
141 548 405 626 ευετρεφομένων
429 545 531 629 <οὒν>
554 540 609 629 (Ρ)
633 548 774 623 ευνεχῶε
796 546 816 623 ἡ
839 543 992 624 παροιμία
1015 548 1122 608 κεῖται.

141 652 263 717 Eadem
287 650 354 715 fere
378 651 419 715 ad
441 652 577 717 verbum
595 650 691 716 Phot.
714 650 730 713 Ι
754 674 784 735 p.
808 650 873 714 230
897 648 948 729 N.,
970 649 1034 713 nisi
1058 649 1142 733 quod
1166 673 1225 734 pro

63 758 206 844 ἀριετερῷ
239 760 349 825 habet·
373 760 537 844 εὐωνύμῳ.
583 759 635 824 Ita
662 759 762 825 etium
793 759 831 821 de
858 780 936 823 voce
963 760 1226 837 ευετρεφομένων

62 867 182 931 tollitur
214 867 392 952 dubitatio,
425 889 484 953 pro
518 889 583 950 qua
610 866 730 931 codicis
760 866 789 931 A
818 865 1226 953 diasceuastastorrexisse

63 973 180 1037 videtur
203 974 263 1039 οὖν
287 975 523 1055 (τρεφομένων.

142 1080 175 1143 Μ
197 1079 231 1143 Π
254 1081 297 1145 64
321 1080 375 1165 (ef.
401 1080 478 1170 103)
507 1081 717 1161 Δικαιότεροε
746 1078 915 1160 εταχάνηε·
952 1080 983 1143 οἱ
1007 1082 1144 1160 Δωριεῑτ
1168 1084 1226 1161 τὴν

63 1187 209 1267 τρυτάνην
243 1185 334 1273 (τριτ.
364 1186 412 1274 Μ)
450 1187 609 1269 εταχάνην
642 1193 799 1254 καλαῦειν.
845 1190 864 1267 ἡ
897 1188 1050 1267 παροιμία
1082 1189 1141 1254 οὖν
1173 1189 1225 1253 ἐπὶ
1254 1212 1263 1229 ·

63 1297 120 1357 τῶν
142 1295 271 1359 δικαίων
293 1294 585 1375 παραλαμβάνεται.
675 1301 678 1306 “

141 1400 179 1464 In
197 1402 260 1465 fine
279 1401 396 1465 melius
410 1398 446 1465 'P
469 1400 518 1465 ΙΙΙ
544 1403 585 1466 16
609 1397 667 1488 (--
687 1398 789 1488 Suid.)
814 1398 874 1465 DV
898 1400 931 1463 II
955 1402 997 1465 39
1021 1403 1073 1466 ἐπὶ
1097 1407 1163 1467 τῶν
1185 1403 1225 1467 τὰ

64 1508 157 1571 δίκαια
179 1507 392 1586 ἀγαπώντων.
433 1507 459 1571 P
483 1509 733 1594 explicationem
761 1509 949 1594 transponit
973 1506 1062 1593 (post
1088 1509 1224 1593 lemma)

65 1618 184 1698 etpost
205 1618 356 1680 καλοῦειν
379 1616 462 1679 bene
485 1615 587 1680 addit:
609 1616 685 1681 ίεωε
708 1617 796 1697 παρὰ
818 1620 877 1697 τὴν
900 1615 1013 1694 ετάειν.

141 1722 174 1786 Μ
200 1721 235 1787 Π
258 1722 302 1787 65
325 1723 533 1788 Λευκώλενον
556 1722 702 1806 γλίνον·
721 1726 860 1804 ,Κέρδων
884 1721 941 1809 (ut
960 1720 1008 1808 M)
1032 1728 1126 1802 γαμεῖ
1149 1722 1225 1808 (stc

64 1825 117 1915 M)·
139 1830 216 1893 κατὰ
238 1829 411 1909 παροιμίαν
435 1828 528 1893 αὗται
550 1834 609 1894 τοῦ
632 1834 748 1895 λευκοῦ
771 1830 822 1913 καὶ
841 1834 899 1894 τοῦ
919 1830 1093 1909 κερδαίνειν
1113 1833 1224 1908 λέγον-

64 1954 119 1998 ται·
152 1937 173 2017 ἡ·
207 1937 266 2015 μὲν
299 1938 359 2016 γὰρ
386 1935 468 2000 κατὰ
494 1936 532 2000 τὸ
561 1938 738 2017 κερδαίνειν
766 1936 846 2000 κατὰ
874 1933 949 2019 (scr.
972 1934 1057 2038 ἀπὸ).
1079 1942 1145 2002 τῶν
1173 1938 1225 2001 ἐπὶ

65 2043 157 2120 κέρδει
184 2042 376 2123 γαμούντων
403 2042 460 2106 τὰ(
489 2043 617 2123 αἰεχρὰε
640 2046 794 2121 γυναῖκα(
817 2044 836 2122 ἢ
860 2043 916 2106 τὰ(
940 2044 1149 2123 γεγηρακυίαε
1173 2045 1223 2108 λέ-

66 2170 155 2222 γεται·
185 2152 223 2214 τὸ
252 2152 286 2214 δὲ
316 2154 439 2230 κερδῶν
469 2150 527 2215 οὐκ
550 2151 571 2229 †
594 2151 778 2215 ἐντέτακται
801 2145 893 2189 ***
916 2147 1048 2235 (desunt
1075 2149 1225 2235 reliqua).

144 2257 257 2323 Fusius
277 2257 484 2342 exposuimus
504 2257 543 2321 de
561 2258 634 2322 Ιοοο
653 2257 824 2341 desperato
843 2279 913 2342 usp.
932 2256 966 2319 ΙΙ
985 2260 1005 2337 ξ
1026 2258 1046 2320 2
1065 2281 1095 2342 p.
1115 2257 1158 2322 54
1178 2280 1224 2339 sq.
