2925 5050
736 232 955 296 ..76-

262 395 367 476 πμρὰν
391 397 447 458 aut
470 392 508 456 de
531 392 658 478 Pyrrha
680 394 759 457 urbe
784 396 840 458 aut
863 392 901 456 de
924 412 1005 475 rogo
1029 388 1125 476 (quac
1149 390 1329 474 explicatio
1352 390 1440 503 6061)

262 524 334 567 cum
359 500 384 564 P
398 500 423 564 F
437 499 470 566 H
488 499 536 565 IV
552 502 572 564 2
596 501 734 566 lectione
758 501 803 565 εἰς
826 500 931 580 πυρὰν
954 497 1179 583 suppeditatur
1202 521 1222 562 a
1241 497 1422 582 Gottingeu-
1438 507 1440 553 ἑ

262 608 352 674 sibus
375 629 441 672 non
463 611 550 674 recte
574 605 757 692 oppressa);
783 607 846 672 150
869 607 948 685 μετὰ
966 607 1098 686 Λέςβιον
1121 607 1207 690 ᾡδόν
1228 610 1288 670 aut
1309 597 1423 668 de'arte

264 715 387 781 musica
410 719 562 799 corrupta
587 713 628 801 (B
644 714 708 780 596
734 715 774 780 ad
796 714 824 778 P
846 712 925 798 Va)
951 717 1008 777 aut
1031 735 1051 776 a
1073 714 1195 778 musico
1215 713 1346 797 optimo
1361 712 1424 776 Ter-

263 821 386 905 pandro
416 824 468 887 έπὶ
496 828 564 887 τοῖς
593 819 667 909 (scr.
691 821 771 906 τῶν)
801 822 841 886 τὰ
869 823 1003 900 δεύτερα
1027 822 1218 900 φερομένοις
1244 817 1322 906 (scr.
1348 817 1440 904 -ων);.

266 929 385 993 similia
401 930 461 994 151
486 931 549 996 152
569 931 697 994 conlato
713 928 803 994 ΡΠΙ
818 929 870 1011 65,
896 928 958 993 153
979 928 1060 993 conl.
1073 925 1102 990 B
1117 927 1182 991 374
1205 928 1231 991 Ρ
1253 927 1305 991 IV
1321 929 1350 1007 1,
1373 929 1440 991 1541

263 1035 344 1102 conl.
374 1036 399 1099 P
426 1036 476 1102 HI
496 1038 548 1103 63.
594 1037 682 1114 Quae
714 1058 910 1122 quamquam
942 1058 1026 1100 nunc
1049 1035 1179 1120 quidem
1206 1035 1242 1099 in
1268 1036 1345 1101 loco
1368 1039 1440 1113 tans

263 1142 369 1208 lacero
386 1145 570 1209 coniectura
584 1147 713 1209 tantum
729 1143 857 1227 assequi
872 1165 1053 1227 possumuS,
1077 1142 1309 1207 confirmamur
1328 1147 1440 1206 tamen-

264 1249 430 1315 simillima
452 1250 618 1316 Eustathii
628 1250 652 1339 ¹)
683 1251 903 1335 disputatione
926 1250 984 1316 Od.
1007 1270 1026 1329 χ
1050 1250 1116 1314 285
1139 1273 1168 1334 p.
1193 1251 1296 1333 1925,
1319 1251 1379 1314 -ubi
1399 1251 1424 1312 in

264 1361 411 1422 nostram
434 1381 502 1422 rern
526 1359 650 1423 faciunt
677 1360 715 1423 τὸ
746 1360 856 1422 δὲκαὶ
887 1357 1039 1423 δνάζειν
1069 1357 1125 1422 τὰς
1155 1356 1330 1435 παροιμίας
1357 1355 1424 1433 ἄλλη

265 1464 311 1528 τὶς
342 1464 421 1529 αὐτὸ
450 1467 537 1532 δεξιὰ
566 1469 701 1546 μέθοδος
730 1470 908 1545 δηλωθεῖςα
936 1464 1093 1544 ἀλλαχοῦ;
1127 1463 1167 1528 cf.
1191 1463 1232 1528 ad
1255 1462 1295 1528 Il.
1322 1466 1347 1529 Χ
1373 1465 1440 1552 126,

265 1594 295 1654 p.
320 1572 406 1636 1262
434 1573 486 1636 καὶ
513 1571 574 1652 ὅρα
602 1573 638 1638 έν
666 1577 712 1657 τῷ
741 1572 829 1656 λόγῳ
860 1572 979 1655 τούτῳ,
1009 1570 1054 1635 ὡς
1085 1571 1117 1634 αἱ
1147 1570 1315 1650 παροιμίαι
1345 1572 1440 1654 πρὸςἱ

264 1678 477 1759 διαφόρου(
499 1679 656 1744 ἑννοίας
676 1679 846 1759 ἀμέμπτως
867 1678 950 1743 έςτιν
968 1677 1024 1742 ὅτε
1048 1680 1281 1758 (τρέφονται
1301 1680 1376 1762 κτλ,
1395 1677 1440 1740 ad

264 1783 302 1848 Il.
322 1787 345 1848 Β
369 1786 432 1850 851
457 1808 487 1869 p.
512 1787 575 1851 361
597 1785 659 1850 έςτι
679 1788 714 1850 δὲ
734 1787 785 1849 καὶ
808 1786 902 1865 έτερα
920 1785 1014 1865 μυρία
1037 1785 1123 1850 οὕτω
1142 1784 1249 1863 εὑρεῖν
1267 1786 1323 1848 καὶ
1337 1785 1426 1850 εἰπεῖν

265 1896 541 1972 παρεςτραμμένα·
566 1895 616 1958 καὶ
638 1899 719 1971 γοῦν
740 1893 896 1972 Καδμείαν
920 1891 1009 1971 νίκην
1028 1893 1059 1956 οἱ
1078 1894 1135 1971 μὲν
1154 1889 1247 1956 ἄλλοι
1266 1891 1328 1956 οὐκ
1351 1893 1426 1956 ἐπαι-

264 1999 397 2062 νοῦντές
421 2020 498 2078 φαςι
520 2002 578 2079 τὴν
602 2000 794 2078 ἀκάρπωτον
818 1999 953 2078 γὰρκαὶ
977 1997 1093 2078 ἀκερδῆ
1118 2050 1124 2061 .
1149 2049 1157 2061 .
1181 2049 1188 2061 .
1211 1997 1382 2080 Ἀῤῥιανὸς
1398 1998 1440 2071 δὲ,

264 2101 316 2188 (έν
339 2110 406 2169 τοῖς
432 2108 642 2171 Βιθυνιακοῑς;
666 2130 697 2190 p.
720 2107 787 2170 490
810 2104 889 2189 314)
913 2108 971 2184 τὴν
991 2105 1133 2184 μεγάλην
1156 2102 1254 2190 κτλῖ)

354 2211 467 2296 Neque
482 2216 601 2295 tamen,
621 2213 648 2277 si
662 2213 764 2279 codici
779 2212 813 2276 M
826 2213 905 2276 fides
920 2217 970 2276 est
988 2212 1146 2295 habenda,
1169 2216 1439 2296 argumentorum

266 2316 325 2380 illa
349 2317 527 2383 similitudo
548 2321 618 2384 sola
637 2323 686 2384 est
703 2320 789 2384 ratio
809 2342 872 2404 qua
891 2319 1005 2384 ductus
1026 2319 1069 2383 sit
1083 2319 1243 2384 Zenobius
1257 2320 1312 2385 vel
1327 2323 1440 2411 auctor

266 2424 335 2488 eius
368 2424 403 2487 in
429 2426 609 2509 proverbiis
644 2426 861 2512 disponendis,
912 2424 999 2490 Nam
1030 2425 1063 2489 in
1097 2416 1439 2510 alterapotissimun

265 2531 465 2597 conlectione
493 2534 573 2599 haec
602 2535 768 2599 rarissima
797 2539 872 2598 sunt
899 2537 996 2618 atque
1019 2532 1106 2597 haud
1134 2555 1237 2616 pauca
1266 2533 1439 2617 proverbia

265 2639 363 2723 plane
386 2641 524 2725 gemella
548 2642 675 2727 maguis
697 2642 881 2706 intervallis
905 2623 1142 2726 disiunguntur:
1165 2639 1319 2706 611161
1346 2641 1427 2718 ἀκαρ-

241 2822 245 2829 ,
264 2745 402 2826 πότερος
427 2746 598 2830 ἀγρίππου,
621 2747 654 2812 ΙΙ
677 2750 721 2814 90
745 2748 964 2829 ἀκαρπότερος
986 2747 1164 2813 Ἀδώνιδος
1187 2751 1316 2828 κήπων;
1340 2747 1373 2811 Π
1395 2747 1427 2810 ll

266 2852 397 2932 ἁρπαγά
420 2856 459 2918 τὰ
484 2855 648 2937 Κιννάρου,
671 2854 720 2919 ΙΠ
746 2857 809 2920 112
828 2855 862 2919 Μ
887 2858 928 2920 78
947 2855 973 2918 L
992 2855 1123 2935 ἁρπαγὰ
1142 2854 1339 2939 Κοτυττίοις,
1362 2854 1429 2918 180

190 3012 191 3017 ,
265 2958 284 3022 ὁ
314 2959 493 3038 Καρπάθιος
520 2962 579 3026 τὸν
609 2962 719 3039 λαγών
750 2961 782 3025 Π
811 2963 854 3027 30
886 2961 934 3026 ὄις
965 2965 1023 3041 τὴν
1051 2961 1223 3048 μάχαιραν,
1254 2961 1307 3025 ΠΙ
1335 2961 1375 3026 51
1401 2958 1429 3022 ll

229 3122 234 3133 .
266 3064 372 3146 ὥςπερ
389 3068 556 3147 Χαλκιδικὴ
575 3068 704 3132 τέτοκεν
724 3072 798 3152 κτλ,
816 3067 866 3132 ΙΠ
886 3069 947 3132 121
967 3067 1001 3131 Μ
1021 3069 1064 3133 84
1082 3066 1108 3131 L
1128 3068 1334 3133 Χαλκιδίζειν.
1367 3066 1430 3130 Om-

265 3174 342 3237 nino
367 3177 474 3239 autem
500 3175 645 3258 quamvis
669 3176 868 3241 minutarum
891 3174 1090 3259 quarundam
1113 3174 1348 3258 particularum
1367 3196 1428 3238 con-

265 3283 390 3345 textum
414 3282 634 3368 cognovimuS,
657 3286 768 3347 tamen
786 3283 871 3368 quod
889 3282 955 3347 fere
978 3282 1012 3344 in
1030 3284 1102 3347 toto
1122 3303 1218 3366 opere
1237 3280 1428 3365 disponendo

339 3475 365 3543 1)
385 3473 527 3530 Eustathii
537 3476 631 3545 copias
641 3476 932 3547 paroemiographicas
942 3494 993 3545 per
1006 3474 1099 3530 varios
1110 3476 1240 3531 auctores
1251 3475 1429 3543 (Pausaniam,

265 3561 378 3616 Aelium
400 3562 578 3634 Dionysium,
603 3566 780 3634 Suetonium,
803 3564 953 3620 Erennium
976 3565 1134 3634 Philonem)
1161 3564 1198 3618 ad
1220 3566 1297 3633 ipsos
1324 3562 1428 3617 Zenobii

265 3653 357 3706 fontes
376 3652 467 3706 redire
478 3654 666 3719 ,manifestum
686 3656 741 3724 est;
765 3655 839 3709 haud
857 3670 948 3723 pauca
972 3656 1065 3707 autern
1084 3654 1287 3723 —praecipue
1310 3669 1381 3721 quae
1399 3650 1428 3704 ad

266 3738 477 3809 proverbiorum
505 3743 733 3811 explicandorum
763 3747 792 3798 et
819 3742 1068 3813 excogitandorum
1099 3742 1221 3797 rationes
1249 3742 1378 3810 spectant
1398 3769 1426 3778 ν

266 3831 355 3884 multo
378 3830 532 3901 integriora
558 3832 695 3899 servavit,
723 3850 808 3901 quam
831 3831 920 3886 nostri
941 3830 1195 3900 paroemiographi.
1234 3830 1311 3895 Quae
1332 3829 1426 3897 siquis

267 3936 330 3974 cum
356 3936 421 3975 cura
443 3920 589 3988 tractabit,
617 3938 673 3975 non
700 3920 798 3976 dubito
826 3920 892 3988 quin
915 3920 1037 3974 fructum
1056 3918 1161 3974 laboris
1178 3936 1312 3987 perquam
1331 3919 1425 3973 laetum

265 4011 447 4079 percepturus
466 4008 509 4063 sit.

249 4147 251 4151 .
339 4102 367 4168 2)
387 4098 506 4153 Casuine
528 4098 708 4153 tribuendum
737 4098 775 4153 sit
801 4114 838 4151 an
865 4098 980 4153 consilio
1008 4097 1082 4166 quod
1113 4096 1152 4151 ΙΠ
1175 4103 1207 4151 42
1232 4095 1255 4150 εἰ
1278 4099 1314 4163 μὴ
1343 4098 1425 4161 πατὴρ

265 4192 335 4257 ῆςθα
358 4194 393 4242 44
416 4189 636 4255 ςυμβαλούμενος
658 4188 815 4257 composita
840 4187 1021 4242 inveniuntur
1044 4185 1192 4255 proverbia
1215 4184 1352 4253 quaedam
1374 4184 1425 4237 κατ’

266 4280 385 4345 ἔλλειψιν
409 4277 540 4346 εἰρημένα
566 4276 692 4332 dubitare
718 4278 822 4346 possis:
846 4277 881 4332 cf.
900 4278 923 4330 B
943 4281 994 4330 443
1019 4277 1101 4345 (αὕτη
1121 4277 1182 4329 κατ’
1200 4276 1345 4341 ἀποκοπὴν
1363 4315 1370 4328 .
1388 4313 1394 4325 .
1410 4271 1425 4338 .)

268 4372 320 4422 856
340 4368 412 4437 (κατ’
431 4369 550 4433 ἔλλειψιν
568 4369 613 4420 καλ
632 4368 702 4432 αὕτη
722 4406 729 4421 .
749 4408 756 4422 .
776 4368 803 4435 .).
