2925 5050
522 301 737 366 ..53-

41 461 130 523 sima.
180 459 277 524 Secus
301 459 525 527 iudicaverunt
552 465 585 526 et
607 459 773 526 Nauckius
781 460 808 546 ¹)
837 464 870 527 et
892 460 1086 550 Regnum)
1110 463 1213 530 Athoi

42 568 235 650 scripturam
259 570 420 654 integram
445 569 662 653 perhibentes.
709 567 772 632 Sed
796 569 981 635 hexameter
1006 569 1061 634 ille
1087 571 1211 636 alienus

43 678 88 738 est
108 698 128 738 a
142 673 347 758 Bacchylide,
366 676 458 740 ouius
477 676 772 761 dactylo-epitritos
786 677 934 762 integros
955 678 1096 742 servavit
1110 677 1212 742 Athe·

42 803 140 845 naeus
157 781 232 867 Vp.
249 783 311 848 178
330 783 358 848 Β
375 813 417 835 =
433 783 471 848 ir.
490 783 533 848 33
552 784 616 849 vol.
630 783 681 848 HI
695 808 725 869 p.
741 783 803 848 581
827 782 926 868 light
964 784 1047 860 Quid
1066 784 1166 869 igitur
1184 787 1211 849 si

44 889 161 953 iterum
198 891 371 955 lacunosus
409 897 459 955 est
491 890 618 956 Atheus
656 893 754 975 atque
790 895 961 974 utrumque
992 891 1211 955 testimonium

45 996 200 1080 scriptum
224 1002 295 1062 erat
317 999 351 1062 in
375 999 562 1083 archetypo,
586 1019 722 1082 quorum
742 998 880 1062 alterurn
899 996 942 1081 M,
966 997 1099 1063 alterius
1118 999 1213 1062 vesti-

46 1104 132 1188 gium
152 1104 178 1168 P
198 1103 431 1192 servareritl³l
470 1105 540 1182 Quo
560 1106 632 1171 loco
651 1106 764 1170 sinon
782 1105 931 1188 multum,
953 1104 1076 1189 aliquid
1096 1105 1211 1169 saltem

44 1211 158 1276 lucrari
182 1213 278 1278 nobis
300 1213 446 1278 ridemur
470 1215 609 1298 volgatis
632 1213 798 1278 codicibus
816 1214 984 1278 consultis.
1025 1213 1087 1278 Est
1104 1219 1211 1277 autem

47 1321 97 1383 ubi
121 1320 254 1384 eaedem
283 1321 413 1386 omnino
442 1322 575 1386 lacunae
599 1321 865 1404 corruptelaeque
888 1321 990 1385 mirac
1017 1320 1051 1384 in
1078 1323 1213 1403 utraque

47 1427 229 1492 recensione
257 1428 468 1511 reperiantur.
519 1425 745 1492 Certissimnm
773 1432 824 1492 est
852 1428 1043 1511 exemplum·
1060 1426 1095 1491 M
1117 1426 1150 1490 ΙΙ
1169 1427 1212 1491 39

46 1535 80 1596 τὰ
102 1535 155 1598 ἐπὶ
179 1535 321 1619 κοεκίνῳ.
359 1536 492 1600 δύναται
515 1537 534 1614 ἡ
559 1534 711 1614 παροιμία
735 1535 795 1599 καὶ
819 1535 871 1599 ἐπὶ
893 1539 1038 1601 τῶν...
1059 1555 1212 1613 μαντευο-

48 1644 148 1718 μένων
163 1642 285 1722 εἰρῆθαι
305 1641 358 1726 (cf.
373 1641 458 1706 infra
477 1639 557 1727 §3).
580 1639 647 1705 Ubi
666 1663 728 1705 vor
748 1643 799 1706 καὶ
818 1642 974 1706 excidisse
989 1640 1099 1726 arguit
1114 1641 1213 1723 expli-

48 1749 203 1812 cationem
223 1747 343 1828 τάληθῆ
362 1748 469 1813 πάντα
488 1746 596 1835 (Phot.
611 1771 641 1832 p.
656 1749 728 1813 200-
741 1746 781 1812 N.
801 1777 843 1800 =
863 1746 950 1813 Suid.
969 1745 1109 1834 Apost.),
1132 1770 1212 1831 quae

49 1857 139 1919 etiam
151 1855 179 1919 B
192 1855 255 1920 873
267 1853 356 1943 (app.
367 1855 495 1939 prov.V
509 1853 544 1940 2)
560 1854 767 1920 desideratur.
790 1853 873 1918 Item
882 1854 917 1918 M
926 1853 959 1918 Π
969 1854 1011 1919 36
1023 1885 1064 1906 =
1075 1853 1160 1929 PHI
1169 1854 1213 1918 92

49 1962 152 2025 cadem
178 1953 210 2025 in
235 1962 380 2046 utrisque
410 1962 572 2027 codicibus
595 1965 672 2045 post
694 1961 835 2045 primum
866 1961 1069 2025 enuntiatum
1096 1959 1214 2024 lacuna

50 2073 92 2132 est
115 2070 287 2134 statuenda
305 2073 439 2155 propter
458 2091 507 2133 vv.
526 2071 585 2148 τὴν
607 2067 819 2148 πρόρρηειν
842 2072 899 2132 τοῦ
923 2072 1000 2133 θεοῦ
1019 2069 1212 2147 ἐθαύμαεανῑ

50 2177 132 2240 cuius
152 2179 357 2256 προρρήεεωε
376 2197 461 2241 nunc
479 2198 519 2240 ne
539 2175 661 2240 mentio
681 2175 811 2259 quidem
833 2175 873 2239 fit
894 2175 929 2240 in
952 2174 999 2239 eis
1023 2196 1104 2258 quac
1127 2179 1214 2240 ante·
1281 2227 1285 2238 .

51 2284 168 2348 cedunt.
215 2283 322 2368 Atque
345 2284 535 2348 lacunosum
558 2284 636 2365 puto
661 2281 759 2346 etiam
782 2280 817 2345 M
839 2281 855 2344 I
875 2281 916 2346 87
941 2282 1039 2346 λύκου
1066 2280 1213 2363 πτερά·4)

52 2392 96 2454 ἐπὶ
114 2395 183 2457 τῶν
201 2391 370 2456 ἀδυνάτων
390 2390 548 2470 εἴρηταιὴ
567 2388 720 2468 παροιμία
744 2387 837 2453 ὅταν
859 2391 967 2468 μέχρι
990 2393 1064 2453 τῶν
1088 2389 1214 2466 λόγων

53 2497 197 2580 ἄφοβος
221 2500 240 2583 ᾖ
260 2521 267 2563 :
287 2499 344 2563 ubi
367 2498 466 2563 verba
489 2496 609 2562 litteris
628 2495 769 2561 diductis
789 2495 958 2580 descripta,
982 2517 1063 2581 quae
1085 2496 1214 2581 plenam

53 2627 221 2690 sanamque
234 2606 289 2671 vix
303 2605 460 2690 praebent
474 2604 676 2687 sententiam,
691 2604 844 2688 leguntur
858 2602 957 2667 etiam
976 2602 1061 2687 apud
1076 2604 1215 2668 Pseudo·

53 2710 283 2797 Diogenianum
306 2711 448 2776 Vindob.
475 2710 525 2775 Ill
553 2712 570 2776 7
594 2709 774 2775 Macarium
797 2709 828 2774 V
852 2710 893 2773 68
918 2707 1049 2774 Suidam
1073 2741 1115 2763 =
1139 2710 1215 2775 Ald.

54 2820 105 2883 col.
130 2819 193 2883 115
218 2815 294 2905 (cm.
314 2818 386 2883 BD
411 2818 505 2902 Greg.
525 2816 645 2903 cypr),
668 2817 731 2881 nisi
755 2816 840 2900 quod
863 2815 1004 2897 ὁφόβοε
1028 2837 1139 2881 omnes
1164 2840 1215 2881 ex·

55 2924 173 3009 hibent,
197 2925 216 2989 ὸ
240 2947 274 3007 φ.
298 2933 352 3011 (τῇ
377 2924 546 2990 Macarius.
594 2923 720 2989 Similia
743 2923 951 2988 inveniuntur
972 2922 1007 2988 M
1029 2922 1045 2986 I
1068 2925 1107 2988 71
1140 2928 1214 3004 βοῦε

56 3033 190 3113 ἕβδομος,
214 3032 271 3095 ubi
293 3032 403 3097 eadem
428 3032 533 3096 exitus
557 3029 744 3113 corruptela
766 3030 904 3093 infectus
928 3034 978 3094 est
1001 3030 1027 3094 B
1052 3032 1125 3115 223,
1148 3030 1216 3094 Pa·
1281 3041 1285 3051 '

55 3136 180 3224 Diogen.
199 3137 317 3223 11150,
339 3136 458 3203 Macar.
476 3136 510 3201 ΙΙ
529 3137 585 3221 89;
608 3135 641 3202 M
660 3136 751 3199 1141
773 3166 815 3188 =
834 3136 860 3199 P
878 3136 926 3201 VI
945 3137 988 3200 42
1007 3142 1098 3217 χαῖρε
1117 3138 1215 3217 φίλον

121 3353 145 3419 1)
164 3350 194 3404 L.
215 3368 236 3403 s.
257 3366 278 3405 s.
298 3368 324 3419 p.
344 3356 409 3403 3⁵16:
431 3348 478 3403 ‘M.
498 3346 589 3403 hietat
607 3350 698 3403 οὕτω(
716 3349 732 3400 ὁ
753 3349 793 3415 Β.,·
810 3347 866 3400 und
886 3348 935 3401 das
954 3348 991 3401 ist
1008 3346 1217 3403 unzweifelhalt

58 3438 162 3508 richtig,
185 3439 312 3495 obsohon
335 3438 381 3492 die
402 3479 408 3492 .
428 3478 434 3491 .
455 3478 462 3491 .
482 3436 581 3493 Worte
604 3437 653 3491 des
672 3436 703 3490 Β.
723 3438 810 3491 etwas
834 3436 934 3490 andere
952 3437 1047 3490 lautcn
1068 3479 1074 3491 .
1095 3478 1100 3489 .
1121 3478 1127 3488 .
1164 3435 1216 3491 Dic

59 3526 135 3583 Stella
152 3530 240 3599 zeigt‚
267 3529 329 3582 dass
347 3527 426 3581 nicht
444 3526 543 3581 immor
562 3526 607 3581 die
626 3526 793 3581 lcichtesten
810 3511 997 3595 llndemngen
1020 3525 1148 3597 zugleich
1171 3527 1216 3582 die

58 3615 144 3672 besten
162 3618 245 3672 sind)
978 3610 980 3613 ’

121 3710 146 3775 2)
163 3708 242 3777 Lyrr,
257 3705 312 3761 vol.
326 3706 384 3759 lIl4
398 3725 424 3776 p.
440 3710 505 3760 581:
527 3702 734 3759 ‘Schneidewin
754 3703 882 3757 Ἡείοδον
901 3702 1048 3759 scribendo
1061 3707 1216 3774 paroemia

60 3797 190 3865 propium,
204 3813 261 3851 aori
275 3796 404 3851 librarios
418 3795 576 3864 castipaoit:
591 3810 656 3847 nam
671 3809 737 3846 sane
752 3794 837 3861 poeta
850 3790 954 3860 lyricus
964 3790 1082 3848 Hesiodi
1096 3794 1217 3875 vestigia

60 3882 128 3953 legit,
145 3886 191 3955 qui
211 3926 216 3940 .
237 3928 243 3939 .
265 3927 271 3940 .
291 3884 439 3939 Herculem
459 3884 511 3937 hoc
530 3900 611 3936 versu
631 3922 636 3933 .
657 3924 663 3937 .
685 3926 690 3937 .
710 3880 850 3949 hospitem
869 3880 976 3949 alloqui
995 3880 1081 3935 fecit’

124 3978 146 4043 3)
165 3973 320 4046 ‘ll[clob]oc
343 3972 372 4027 in
397 3974 419 4026 P
447 3974 607 4041 corruptum
633 3969 744 4025 videtur
770 3969 799 4023 in
824 3969 1029 4042 ‘tl[pdr‹leu]oc
1052 3986 1115 4023 cum
1135 3969 1216 4023 libra·

65 4059 112 4115 rius
130 4063 261 4118 festinans
276 4063 306 4117 et
318 4060 496 4130 Bacchylidis
514 4076 616 4114 nomen
635 4058 780 4113 omitteret
798 4060 828 4112 et
841 4059 1038 4130 Ἡ[ρακλέ]ουε
1049 4058 1216 4112 vocabulum

64 4151 138 4205 oculis
151 4151 332 4222 praeciperet.
367 4150 419 4221 [Of.
433 4150 568 4205 Ribbeck.
583 4148 600 4203 l.
617 4167 638 4203 s.
653 4167 673 4203 s.
689 4168 716 4219 p.
733 4155 783 4204 100
797 4148 861 4202 adn.
874 4155 903 4217 23
923 4146 1006 4203 aliter
1020 4146 1216 4203 Wilamowitz.

64 4238 142 4293 Herm.
160 4242 250 4296 XVlll
268 4259 294 4310 p.
314 4243 387 4309 na]

125 4334 149 4398 4)
162 4330 252 4401 [lopiis
262 4348 279 4385 a
289 4329 437 4385 Leutschio
447 4326 631 4397 sdes-mog.
640 4326 770 4382 Vinum
780 4334 796 4382 7
805 4328 860 4384 vol.
870 4327 896 4381 11
905 4346 932 4397 p.
941 4332 976 4381 37
986 4325 1133 4395 adscriptis
1142 4325 1217 4381 addo

66 4416 165 4475 Aristid.
179 4420 191 4473 l
205 4426 239 4475 49
257 4421 364 4477 δύναιτ’
377 4421 412 4473 ἂν
427 4421 471 4473 καὶ
490 4420 589 4473 ὅνους
607 4422 754 4487 πτεροῦν
769 4418 925 4486 (Bacchus),
944 4418 995 4483 οὐχ
1006 4416 1109 4471 ἵππου(
1122 4419 1216 4483 μόνον.
