2925 5050
538 277 756 339 ..39-

54 443 200 502 mentum
221 439 335 502 melius
351 438 503 503 ZenobP
517 437 551 500 ll
567 439 586 502 8
602 440 769 501 servatum
783 437 817 500 in
832 457 962 500 versum
976 431 1149 522 politicum
1166 458 1232 500 mu·

58 549 145 610 tatur
154 545 188 631 ¹),
212 547 246 609 in
267 546 387 611 Aldina
409 545 574 611 invenitur
597 545 656 610 ool.
676 545 733 628 393
758 547 865 622 totum
889 545 1025 633 denique
1044 540 1174 608 initium
1197 551 1230 610 et

60 653 195 717 Aldinae
217 657 249 718 ct
265 652 430 738 Apostolii
448 653 544 738 plane
559 651 736 738 geminum.
773 651 844 717 Iam
859 652 1034 738 Apostolio
1048 657 1121 740 ipso
1136 677 1231 719 usum

57 782 124 823 csse
140 759 354 825 conlectionis
371 758 391 824 S
406 758 480 824 Ald.
496 762 661 824 auctorem
676 758 804 822 credere
818 782 885 823 non
898 784 1041 844 possum,
1055 787 1132 827 nam
1146 762 1233 826 haud

58 890 160 950 pauca
187 867 278 932 illius
307 889 407 950 eaque
436 865 568 930 minime
598 865 779 950 spernenda
810 866 845 928 in
868 866 890 930 S
912 868 985 933 ald.
1009 870 1233 933 desiderantur

59 973 119 1036 alia
134 973 271 1038 meliore
281 975 435 1058 leguntur
449 972 555 1037 forma
565 968 640 1058 (col.
653 972 695 1036 36
707 1003 749 1024 =
761 971 934 1057 Apostlll
948 974 994 1060 1);
1008 1000 1112 1061 neque
1127 977 1232 1062 magis

60 1079 249 1164 apostolius
273 1103 350 1145 usus
375 1084 425 1144 est
448 1078 649 1144 conlectione
674 1075 879 1163 Scorialensi,
904 1104 976 1174 cum
1001 1084 1146 1148 codicum
1164 1083 1231 1147 LP

59 1188 146 1252 nulla
161 1188 248 1272 apud
263 1210 335 1251 eum
346 1187 461 1251 relicta
476 1179 542 1250 sint
556 1185 704 1271 vestigia.
740 1186 870 1268 Uterque
884 1189 981 1270 ipitm
994 1193 1140 1256 accodem
1148 1192 1232 1270 focate

59 1295 160 1360 docnt
177 1296 265 1359 uobis
284 1296 394 1377 c'puota
419 1294 469 1358 cui
488 1293 574 1357 haud
594 1293 660 1357 scio
685 1316 727 1357 an
746 1293 939 1377 Apostolius
963 1297 1083 1361 bonam
1103 1301 1229 1381 partem

60 1402 221 1466 doctrinae
238 1424 314 1466 suae
329 1399 487 1486 debeat.²)
515 1399 636 1464 Verum
651 1400 730 1464 haec
746 1401 898 1466 subtilius
914 1427 1069 1487 quaerere
1081 1409 1114 1469 et
1128 1405 1230 1488 expli-

60 1533 127 1572 care
147 1510 216 1573 eius
240 1509 302 1573 erit
325 1509 381 1592 qui
405 1508 602 1593 indigestam
625 1506 792 1590 Apostolii
814 1507 1016 1594 farraginem
1037 1513 1230 1577 retractabit

61 1621 89 1679 et
113 1617 275 1682 rationem
299 1638 363 1699 qua
387 1613 568 1698 composita
592 1613 692 1677 sitin
717 1613 985 1699 disceptationem
1011 1618 1149 1683 vocabit.

143 1763 163 1840 ξ
187 1761 217 1823 4.
260 1769 380 1823 cetera
408 1764 570 1820 subsidia.
623 1764 813 1833 Apparatus
836 1767 1009 1824 Geisfordi
1036 1772 1071 1824 et
1094 1769 1224 1825 Gottin-

62 1876 210 1942 gsnsium
234 1876 328 1930 fides.
371 1863 483 1947 Copiis
506 1862 651 1927 codicum
671 1862 931 1934 Zenobianorum
955 1871 1112 1950 quantum
1136 1868 1229 1932 licuit

62 1973 224 2058 descriptis
249 1971 495 2054 aestimatisque
523 1972 627 2033 restat
655 1975 692 2033 ut
720 1992 884 2054 moneam,
915 1995 957 2036 ne
984 1996 1069 2039 nunc
1097 1975 1226 2058 quidem

63 2081 150 2163 plane
169 2080 302 2144 inutiles
323 2101 393 2142 esse
412 2077 643 2162 compilatores
657 2075 858 2159 Byzantinos
877 2078 1065 2160 Macarium,
1084 2080 1227 2165 Aposto-

64 2187 143 2270 lium‚
167 2186 363 2273 Gregorium
386 2184 551 2269 Cyprium.
596 2185 761 2248 Macarius
784 2185 881 2270 enim,
905 2187 960 2270 qui
983 2188 1069 2252 inter
1092 2189 1226 2253 recenti-

65 2317 127 2356 ores
156 2295 232 2359 illos
266 2293 396 2359 excellit
425 2291 587 2376 exquisita
619 2292 767 2356 doctrina
792 2315 896 2377 neque
928 2295 1081 2381 indignus
1110 2301 1161 2360 est
1192 2297 1226 2360 in

64 2400 143 2465 ouius
165 2401 273 2465 fontes
298 2422 397 2486 opera
420 2399 498 2463 data
520 2398 713 2483 inquiratur,
737 2400 824 2464 haud
843 2402 910 2466 scio
935 2425 977 2466 au
996 2407 1126 2486 praeter
1145 2404 1225 2468 alios

66 2507 153 2573 etiam
167 2508 253 2572 bono
269 2506 377 2572 codice
393 2504 577 2570 Zenobiano
593 2521 670 2570 usus
686 2505 744 2590 sit3
763 2511 849 2571 certe
863 2510 1096 2593 nonnunquam
1115 2535 1224 2576 veram

65 2613 225 2679 lectionem
250 2612 304 2699 (cf.
327 2612 407 2718 Mac.
431 2590 464 2676 ll
488 2613 529 2677 89
555 2642 596 2664 =
620 2609 655 2674 M
677 2611 693 2676 I
718 2613 770 2695 71,
794 2635 858 2696 quo
878 2613 1017 2689 Nauckii
1041 2623 1225 2683 correctura

66 2718 287 2805 confirmatur),
311 2720 410 2784 semel
434 2717 464 2805 (I
488 2717 524 2804 9)
549 2718 637 2783 solus
661 2719 807 2783 onmium
830 2718 985 2786 Damonis
1014 2747 1132 2789 nomen
1161 2748 1224 2789 ser-

125 2899 149 2965 1)
169 2897 190 2949 P
208 2896 309 2950 habet:
330 2896 481 2963 Ἀπήντηιε
495 2899 632 2962 κεραυνοῦ
652 2898 718 2962 βολὴ
733 2897 803 2963 πρὸ(
817 2897 974 2964 ὑπέρτατον
990 2900 1069 2966 ἄτην,
1089 2898 1111 2950 Β
1129 2902 1222 2955 dccv:

66 2984 126 3038 unde
144 2986 262 3041 formam
278 2985 409 3041 Doricam
429 2985 507 3039 dccc
524 2984 711 3039 revocandam
731 3001 790 3039 esse
809 2990 935 3055 apparet.
973 2986 1110 3055 Numeros
1123 2989 1224 3057 lyricos

67 3072 162 3128 subesse
179 3077 295 3145 praeter
312 3072 480 3127 Finclrhium
500 3092 527 3142 p.
547 3079 563 3126 6
582 3070 627 3141 (cf.
643 3072 765 3127 Leutsch
784 3074 821 3127 ad
839 3074 894 3127 DV
913 3075 926 3128 Ι
945 3077 991 3145 57)
1010 3077 1101 3144 quivis
1121 3080 1224 3133 sentiet

67 3162 139 3215 semel
161 3163 294 3229 monitus3
321 3162 447 3217 eiusdem
472 3161 583 3230 generis
602 3178 691 3215 sermo
712 3164 777 3215 sunt
795 3165 825 3216 ct
842 3164 989 3218 sententia.
1027 3162 1222 3235 Interpolator,

68 3264 142 3317 aquo
160 3252 263 3321 pendet
281 3249 366 3306 etiam
386 3249 467 3319 Greg.
488 3248 567 3319 Cypr.
589 3252 664 3319 (...
686 3252 792 3318 βουλὴ),
811 3252 908 3305 tritum
927 3251 998 3305 illud
1017 3254 1133 3308 Hesiodi
1153 3259 1170 3323 ἡ
1190 3258 1221 3310 δὲ

68 3344 122 3407 κακὴ
141 3344 224 3408 βουλὴ
245 3343 301 3393 κτλ.
321 3356 365 3409 op.
381 3342 410 3393 ot
428 3339 454 3393 d.
473 3344 526 3393 266
544 3338 574 3391 in
592 3340 685 3392 mento
704 3339 835 3393 habuisse
855 3339 972 3394 videtur.

125 3432 150 3499 2)
167 3430 229 3485 Hac
251 3428 359 3485 ratione
383 3430 446 3481 rata
469 3430 501 3481 fit
518 3426 661 3482 Leutschii
685 3427 845 3483 coniectura
868 3430 923 3484 vol.
942 3430 968 3482 ΙΙ
986 3431 1073 3499 praef.
1092 3450 1118 3500 p.
1139 3432 1222 3487 XIX1

27 3508 29 3517 ’
68 3521 203 3589 proposita,
218 3514 396 3588 Apostolium
415 3533 466 3571 sua
483 3532 540 3570 non
558 3520 617 3570 tem
636 3516 728 3586 ipsum
748 3516 842 3571 omnia
856 3518 969 3587 proprio
984 3518 1075 3572 Marte
1089 3536 1123 3571 ex
1138 3519 1222 3575 variis

68 3604 131 3661 libris
147 3606 296 3663 contulisse
316 3623 400 3674 quam
417 3622 450 3660 ex
465 3606 560 3659 codice
580 3606 701 3661 edidisse
716 3606 899 3661 Scorialensis
919 3607 1011 3665 simili.
1045 3608 1221 3677 Quamquam

69 3696 128 3759 quod
140 3698 225 3765 addit,
241 3696 346 3750 similes
365 3694 452 3749 libros
465 3696 495 3749 in
512 3695 686 3750 bibliotheca
700 3694 865 3749 Taurinensi
880 3696 993 3763 servari,
1013 3713 1110 3751 vereor
1130 3716 1164 3751 ne
1179 3715 1221 3752 er·

69 3799 115 3837 rore
131 3788 232 3843 nitatur
255 3786 329 3840 viros
349 3786 446 3839 doctos
465 3796 547 3853 saepe
567 3784 729 3851 deludente3
754 3802 818 3837 nam
841 3783 869 3837 in
888 3785 983 3839 Pasini
1002 3787 1131 3855 catalogo
1152 3785 1220 3857 ipsis

69 3869 112 3926 illis
128 3894 178 3944 quo
193 3874 360 3930 Leutschius
378 3890 429 3928 nos
448 3874 563 3942 ablegat
579 3873 650 3927 locis
664 3890 805 3928 sacrorum
822 3874 1034 3942 proverbiorum
1049 3876 1220 3930 mentionem

70 3959 116 4015 teri
128 3965 217 4020 inveni
232 3963 277 4017 his
292 3962 430 4017 versibus:
452 3964 481 4017 Ὁ
496 3964 545 4029 μὲν
560 3963 691 4028 (ολομιῑιν
706 3964 1019 4031 ᾁεμοτοψαλμογράφοε
1032 3965 1041 4030 ΙΙ
1055 3965 1111 4031 ἔφη
1130 3982 1220 4031 προει-

71 4050 266 4123 πὼνγραφικαῖι
275 4052 472 4121 παροιμίαι(
482 4082 514 4092 -
525 4052 579 4105 nisi
590 4050 861 4121 apophthegmatnm
872 4052 1061 4105 conlectiones
1075 4052 1123 4105 ille
1134 4054 1219 4121 signi·
1234 4052 1237 4056 ’

73 4136 152 4197 icant.
171 4141 262 4196 Simili
276 4143 386 4196 ratione
396 4140 509 4195 Nicolai
523 4140 588 4195 hist.
600 4139 655 4195 litt.
670 4140 715 4195 Gr.
732 4138 757 4192 II
768 4157 794 4208 p.
807 4145 858 4194 509
871 4139 1027 4195 Diodorum
1038 4140 1219 4209 Moacaocta,

73 4228 131 4283 cuius
143 4234 279 4300 ἑρμηνεῖαι
294 4232 332 4286 etc
344 4234 398 4299 τὴν
412 4232 530 4285 παλαιὰν
544 4235 633 4284 πᾶιαν
649 4268 690 4283 ...
705 4228 744 4281 εἰ(
757 4230 808 4282 τὰ(
820 4229 967 4298 παροιμία(
986 4233 1032 4297 (sc.
1049 4227 1218 4300 Solomonis)

73 4324 300 4376 commemorantur
319 4320 393 4389 apud
407 4319 522 4373 ¹Suidam
543 4336 563 4371 s.
580 4338 614 4386 π,
633 4320 705 4373 iuter
717 4319 976 4388 paroemioprapbos
989 4319 1130 4386 recensuit,
1150 4322 1218 4387 quin

74 4404 137 4461 eum
156 4410 286 4480 Legardii
304 4409 408 4465 librum
426 4408 461 4464 de
479 4407 635 4479 proverbiis
654 4426 680 4477 p.
701 4411 753 4463 567
773 4408 871 4462 eodem
889 4406 1013 4461 rettulit!
