2925 5050
494 286 712 349 „77-

22 443 188 508 eonsilium
210 444 523 529 paroemiographus
552 448 680 510 secutus
709 445 753 508 sit
780 466 820 508 ne
848 444 1032 509 coniectura
1059 445 1188 529 quidem

21 551 168 634 augurari
192 550 295 614 adhuc
319 549 420 614 licuit.

101 656 227 722 Verum
250 657 352 722 altera
376 661 409 722 et
431 659 529 722 tertia
560 658 758 722 coniectione
786 658 977 744 diligentius
1005 658 1189 723 examinata

23 764 149 847 pulchre
174 785 226 827 res
249 763 431 847 procedent.
478 763 611 850 Perlege
631 765 672 829 28
692 765 803 850 priora
825 765 1037 830 conlectionis
1061 765 1093 829 Il
1116 786 1187 849 pro-

24 871 127 934 verbia
150 871 240 934 infra
261 871 295 934 in
318 872 494 955 appendice
512 873 687 957 exscripta,
711 893 784 936 cum
803 893 842 936 ex
861 870 982 935 Milleri
1005 872 1188 936 conlatione

21 982 167 1042 naturam
201 1000 313 1042 eorum
335 978 421 1042 haud
451 975 543 1044 facile
572 979 758 1065 perspicias.
804 978 953 1044 Invenies
981 1001 1020 1042 ea
1046 979 1130 1042 inter
1153 999 1188 1041 se
1258 1043 1259 1047 ,

25 1105 87 1147 1111
110 1084 284 1164 ὁμοιότερα
307 1086 420 1164 cdxciv,
444 1109 463 1150 a
486 1085 601 1152 cete'ris
625 1091 733 1152 autem
753 1086 914 1171 plerisque
936 1085 1111 1169 plurimum
1129 1084 1188 1148 dif-

22 1191 95 1255 ferre
129 1196 163 1256 et
200 1191 314 1276 lingua
346 1197 379 1257 et
416 1194 615 1277 argumentis
648 1198 682 1257 et
714 1194 897 1276 explicandi
928 1194 1068 1277 ratione,
1105 1214 1188 1277 quae

24 1297 157 1362 hominis
178 1300 306 1363 suntin
325 1300 446 1384 mythis
465 1301 561 1365 rebus
581 1300 682 1385 gestis
703 1297 737 1386 (7
759 1302 779 1365 8
799 1299 851 1384 23,
869 1300 930 1364 46
952 1300 992 1364 13
1013 1323 1059 1384 sq.
1079 1300 1122 1363 20
1141 1311 1205 1383 sq.'

24 1403 88 1489 24),
111 1405 242 1471 fabellis
267 1407 403 1472 ostentis
427 1405 462 1491 (b
486 1407 575 1490 9sq.
601 1408 642 1471 16
667 1407 708 1472 18
733 1407 793 1489 26,
817 1408 860 1472 22
885 1406 927 1470 25
951 1405 1021 1490 27),
1044 1406 1188 1470 moribus

24 1510 175 1578 institutis
205 1511 239 1599 (1
272 1536 339 1598 sqq.
371 1515 409 1578 11
442 1515 482 1578 12
512 1515 553 1578 15
583 1515 622 1578 17
654 1514 695 1577 19
719 1511 777 1600 28)
809 1513 1026 1577 describendis
1058 1513 1187 1577 versati.

24 1615 56 1680 ln
68 1619 203 1704 singulis
218 1624 326 1683 autem
341 1620 420 1685 locis
439 1658 482 1665 -—
497 1642 674 1705 perpaucos
699 1642 719 1682 a
742 1619 944 1684 diasceuasta
962 1618 1078 1683 misere
1092 1620 1186 1683 muti-

26 1723 100 1788 latos
120 1723 180 1811 (10
200 1726 242 1790 15
263 1727 302 1790 17
324 1727 365 1791 19
385 1728 427 1790 27
449 1725 510 1812 sq.)
530 1727 557 1790 si
577 1727 738 1810 exceperis
753 1763 795 1772 -
811 1725 874 1809 ipsi
896 1726 1043 1791 lemmati
1062 1725 1186 1790 adiecta

28 1835 69 1894 est
88 1834 228 1898 verbosa
249 1835 394 1898 narratio
417 1835 467 1899 vel
491 1834 661 1915 enarrati0‚
685 1833 719 1895 in
743 1855 807 1916 qua
825 1838 929 1897 certas
948 1832 1105 1916 quasdam
1124 1832 1186 1897 for·

28 1939 119 2004 mulas
148 1940 243 2024 quasi
271 1941 408 2025 exlege
435 1940 547 2004 iterari
578 1939 674 2004 facile
707 1937 909 2016 observabis,
936 1939 969 2001 in
1002 1937 1116 2024 primis
1140 1939 1186 2003 ὥ(

28 2065 111 2122 uuor
134 2043 170 2133 (3
195 2047 218 2110 4
240 2046 262 2112 b
286 2049 303 2110 7
331 2049 371 2112 16
397 2049 437 2114 18
461 2048 506 2112 24
528 2045 595 2134 26),
619 2046 758 2127 εἴποτε,
780 2048 815 2111 δέ
840 2066 919 2110 ποτε
943 2041 1086 2131 (174),
1109 2052 1184 2110 θαυ-

29 2151 112 2228 ptrue
136 2156 181 2234 δέ,
206 2152 342 2218 ἀκούσας
366 2156 401 2218 δὲ
426 2152 463 2237 (4
487 2151 532 2239 5).
578 2153 812 2218 Enarrationes
840 2152 985 2234 excipere
1009 2152 1114 2216 solent
1136 2173 1186 2216 ex-

30 2258 208 2338 plicationes
236 2264 269 2324 et
296 2261 385 2345 ipsae
409 2261 579 2325 simillima
602 2261 775 2346 pleraeque
802 2258 928 2323 ratione
956 2258 1186 2344 conformatae,

30 2365 103 2428 velut
116 2367 169 2432 aa
190 2367 300 2431 τοίνυν
313 2371 380 2432 τῶν
400 2418 407 2432 .
426 2418 432 2432 .
452 2417 459 2430 .
479 2367 579 2432 habes
603 2367 623 2430 2
650 2368 699 2451 12,
722 2370 741 2447 ἡ
765 2367 954 2432 τοίνυν...
977 2366 1012 2449 83
1034 2365 1110 2432 ὅθεν
1133 2367 1186 2430 ἐπὶ

30 2473 230 2555 ...εἴρηται
256 2474 272 2538 1
301 2471 355 2558 13)
383 2471 459 2539 ὅθεν
483 2473 535 2538 ἐπὶ
558 2523 565 2537 .
589 2523 596 2538 .
621 2521 627 2537 .
651 2473 822 2553 ἐκράτηεεν
845 2473 865 2537 3
889 2471 932 2535 20
954 2471 996 2536 21
1022 2472 1079 2557 24,
1109 2470 1185 2538 ὅθεν
1274 2484 1276 2489 ’

32 2624 61 2641 ..
82 2630 89 2645 .
109 2584 270 2645 roteneco
296 2582 324 2644 7.
370 2580 541 2645 Praeterea
565 2581 754 2663 notandum,
778 2580 946 2643 dimidiam
969 2578 1036 2643 fere
1058 2601 1204 2663 prover--

32 2683 141 2751 tiorum
164 2691 294 2771 partem
318 2687 359 2751 ad
382 2709 433 2751 res
457 2687 706 2752 Atheniensium
724 2686 838 2751 referri
857 2684 893 2772 (2
911 2687 933 2749 4
952 2686 1061 2749 6-10
1083 2687 1123 2750 16
1145 2688 1185 2750 19

32 2790 84 2877 16).
125 2793 196 2859 Iam
220 2817 239 2858 a
263 2816 326 2878 quo
350 2794 430 2859 haec
452 2794 592 2879 repetita
616 2795 683 2858 sint
705 2816 771 2858 non
793 2792 934 2856 traditur
956 2792 1021 2856 nisi
1045 2792 1185 2876 quinque

33 2896 98 2963 locis
117 2902 136 2965 6
156 2904 175 2965 7
200 2902 240 2964 12
261 2903 302 2965 16
321 2902 373 2984 22,
392 2902 447 2985 qui
467 2906 523 2965 aut
542 2901 576 2965 in
594 2899 693 2965 MPB
713 2901 821 2965 autin
836 2900 910 2963 aliis
928 2898 1075 2963 fontibus
1090 2900 1186 2964 eidem

34 3024 118 3073 1111111
138 3007 275 3072 Demoua'
298 3008 488 3092 tribuuntur,
517 3031 537 3071 a
560 3030 623 3093 quo
651 3011 779 3092 praeter
804 3006 1052 3090 proverbiorum
1080 3007 1182 3070 libros

34 3108 182 3179 Atthidem
207 3114 422 3199 conscriptam
446 3138 515 3179 esse
538 3104 653 3179 notum
681 3118 745 3179 est:
773 3114 883 3199 itaque
906 3114 985 3197 quin
1007 3118 1080 3178 tota
1103 3113 1183 3177 haec

36 3220 113 3284 series
135 3222 326 3287 historicum
354 3223 444 3287 olens
472 3222 706 3307 praecipueque
735 3221 777 3285 ad
799 3221 926 3286 Atticas
953 3242 1004 3284 res
1035 3223 1184 3303 spectans

37 3324 119 3392 abeo
141 3328 289 3413 profecta
314 3330 358 3393 sit
380 3330 492 3414 procul
519 3329 617 3392 dubio
645 3327 782 3394 videtur.
827 3328 985 3392 Tenemus
1015 3327 1117 3411 igitur
1150 3327 1185 3391 in

40 3428 114 3497 initio
129 3436 204 3499 libri
220 3436 352 3500 alterius
376 3437 515 3518 emptam
535 3436 745 3517 fruymeutum
768 3436 917 3500 labrorum
940 3433 1028 3513 περὶ
1051 3454 1183 3513 παροι-
1228 3506 1231 3511 ,

38 3542 152 3611 1111111
177 3540 586 3627 111111111111111111111111111,
615 3563 694 3626 quos
723 3543 808 3606 inter
831 3542 1001 3625 primarios
1027 3541 1184 3624 epitomes
1218 3614 1224 3624 ο

37 3640 115 3710 fuisse
137 3648 244 3712 fontes
268 3649 489 3713 demonstrare
513 3648 621 3713 conati
645 3670 757 3712 sumus
778 3648 864 3712 infra
887 3670 961 3731 app.
983 3648 1007 3711 I.

106 3754 173 3820 lam
198 3755 397 3840 farraginem
419 3756 586 3820 turbatam
611 3776 692 3839 quae
716 3756 875 3839 excerptis
895 3736 1184 3819 Demonianis‘ad-

39 3854 122 3925 haesit
135 3860 190 3948 (cf.
205 3885 276 3945 app.
290 3862 307 3926 I
320 3886 350 3947 p.
368 3846 445 3948 143)
464 3863 685 3949 transilientes
706 3883 765 3946 age
784 3862 993 3947 inspiciamus
1013 3862 1185 3945 proverbia

41 3963 155 4054 45-65,
181 3990 263 4054 quae
285 3969 379 4053 item,
408 3990 479 4032 cum
504 3990 542 4032 ex
565 3967 686 4032 Milleri
710 3968 870 4053 excerptis
894 3970 970 4053 quid
995 3970 1041 4033 rei
1064 3969 1108 4033 sit
1130 3969 1183 4033 vix

42 4090 210 4156 cognoscere
234 4076 349 4161 possis,
372 4075 448 4139 huic
471 4074 685 4160 disputationi
700 4075 850 4158 subiungi
866 4097 884 4139 e
899 4098 934 4140 re
949 4098 1019 4141 esse
1034 4075 1183 4140 duximus

44 4172 107 4263 (app.
127 4182 185 4269 II).
229 4182 333 4248 Facili
355 4183 487 4268 negotio
501 4182 640 4265 senties,
664 4182 803 4246 maxime
826 4181 885 4246 illa
908 4205 978 4247 esse
1001 4181 1127 4246 diversa
1151 4185 1184 4245 et

43 4283 70 4345 ab
89 4289 128 4353 eis
149 4312 233 4375 quae
257 4290 449 4375 antecedunt
472 4294 505 4354 et
527 4290 568 4353 ab
592 4289 639 4353 eis
662 4310 745 4373 quae
769 4294 955 4373 sequuntur.
996 4286 1080 4352 Sunt
1097 4287 1184 4351 enim

45 4397 234 4482 grammatici,
261 4400 316 4481 qui
343 4397 514 4481 proverbia
536 4395 733 4459 inlustrabat
756 4398 789 4458 et
812 4417 894 4480 quae
918 4393 1063 4479 e‘poetis
1086 4393 1185 4460 ducta
