2925 5050
618 330 621 333 ⁴
713 248 956 312 —138-

247 409 450 486 ποιουμένων
479 410 498 487 ἡ
531 409 684 489 παροιμία
717 410 813 475 ἐετίν·
846 410 956 488 ἐπειδὴ
982 409 1210 474 ναυτικώτατοι
1243 410 1274 475 οἱ
1303 413 1409 490 Κρῆτει

246 515 408 592 ἐγένοντο.
453 514 480 578 Ρ
503 513 535 578 V
557 517 600 581 30
624 516 707 580 adu:
737 510 888 595 pe'pvntoo
911 516 1027 594 souin(
1051 514 1208 582 Ἀλκαῖοτ.

334 620 547 687 Diasceuasta
569 624 649 688 haec
672 646 745 689 cum
770 629 962 706 excerperet,
986 624 1144 689 sermonis
1166 624 1358 691 Demoniani
1376 649 1410 691 ue

194 768 196 771 v
246 728 420 813 vestigium
448 729 577 813 quidem
601 730 746 815 reliquit3
775 731 870 795 aliter
893 731 1030 795 Photius
1054 730 1087 795 ΙΙ
1108 755 1139 815 p.
1164 734 1206 797 10
1229 732 1269 797 Ν.
1294 734 1314 797 ὁ
1339 736 1410 812 Κρὴι

245 838 304 915 τὴν
327 836 500 902 θάλατταν·
529 839 608 903 ἰδὼν
631 839 692 918 γὰρ
717 839 816 919 αὐτὴν
841 839 1072 919 γαληνίζουιαν
1096 839 1174 920 ἔφη·
1198 840 1242 905 τεἰ
1266 844 1306 921 μὴ
1331 843 1410 925 ᾔδειν

176 929 178 934 ’
246 944 305 1009 (ε’;
330 967 412 1030 quae
439 944 526 1009 haud
555 946 621 1011 scio
651 969 694 1010 an
716 945 874 1010 Damonis
903 946 970 1011 sint
996 969 1015 1010 a
1037 945 1180 1031 Didymo
1208 948 1346 1013 refutati
1368 971 1410 1012 ex-

244 1052 420 1135 plicatione
453 1051 572 1117 Athoa.
625 1052 701 1117 Non
736 1053 839 1118 multo
871 1053 979 1117 sanius
1015 1055 1187 1139 insequens
1221 1078 1296 1119 cum
1331 1060 1411 1119 ante·

245 1159 376 1225 cedente
399 1159 478 1245 olim
501 1160 716 1225 coniunctum.

334 1267 367 1331 M
391 1266 424 1331 ΙΙ
449 1269 489 1332 18
515 1268 552 1332 Ὁ
576 1269 702 1333 (ικελὸτ
726 1271 785 1347 τὴν
809 1267 981 1333 θάλατταν·
1007 1269 1054 1351 [ὁ]
1079 1270 1220 1352 (ικελὸτ,
1243 1270 1290 1334 ὥ(
1314 1292 1410 1350 φαιιν,

245 1376 387 1454 ἔμποροι
415 1379 492 1437 τῦκα
515 1374 604 1451 ἄγων
614 1372 636 1460 ¹)
662 1374 870 1454 ἑναυόγητεν·
895 1374 964 1441 εἶτα
987 1376 1039 1439 ἐπὶ
1063 1381 1117 1455 τῆε
1142 1374 1181 1461 (τ.
1205 1400 1269 1442 om.
1292 1376 1321 1441 B
1342 1378 1411 1461 7202»

248 1484 366 1560 πέτρα(
390 1484 566 1561 καθήμενοι
585 1484 636 1546 καὶ
655 1482 743 1561 ὁρῶν
760 1485 819 1562 τὴν
839 1482 1001 1547 θάλατταν
1020 1484 1056 1548 ἐν
1074 1487 1206 1568 γαλήνῃ,
1227 1484 1307 1564 ἔφη’
1332 1484 1411 1549 ‘cito

200 1575 202 1579 ’
244 1590 270 1674 ὃ,
287 1590 403 1654 θέλετε·
427 1593 504 1652 τῦκα
523 1588 647 1654 θέλοι’
693 1576 696 1579 ’

333 1694 540 1760 Narrationis
554 1697 685 1761 initium
700 1698 885 1761 mutilatum
903 1720 972 1763 csse
987 1698 1098 1763 fabula
1113 1696 1320 1786 ‘Aesopea'²)
1336 1700 1412 1763 eviu-

243 1804 288 1868 cit
311 1826 331 1866 a
349 1801 621 1887 Gottingensibus
644 1825 711 1867 non
729 1804 876 1869 adhibita
895 1806 961 1869 370
979 1809 1012 1869 et
1031 1802 1115 1869 370b
1133 1804 1176 1870 H.
1196 1836 1237 1858 =
1259 1807 1326 1871 164
1344 1804 1411 1870 Fur.

244 1908 419 1996 (excerpta
437 1911 477 1974 ab
506 1909 676 1989 Apostolic
702 1911 798 1975 XVH
826 1912 866 1977 91
898 1936 922 1976 a.
947 1936 977 1976 v.
1004 1913 1159 1992 φοινίκων
1190 1912 1280 1978 αὖθι(
1312 1915 1411 1978 ἐπιθυ-

244 2017 321 2103 μεῑ);
341 2022 458 2099 ποιμὴν
478 2018 514 2083 ἔν
532 2041 592 2084 τινι
611 2018 702 2102 τόπῳ
719 2021 965 2104 παραθαλατείῳ
984 2022 1115 2100 ποίμνια
1134 2024 1248 2105 νέμων,
1268 2020 1315 2085 ὼε
1330 2020 1411 2087 ἐθεά-

243 2148 320 2190 τατο
342 2130 401 2205 τὴν
426 2126 585 2192 θάλατταν
610 2126 754 2205 γαληνόν
780 2149 813 2191 τε
841 2129 891 2191 καὶ
912 2133 1050 2206 πραεῖαν
1073 2128 1248 2207 ἐπεθύμητε
1273 2132 1412 2193 πλεῡται·

244 2232 357 2312 διόπερ
381 2234 530 2311 πωλήεατ
554 2233 654 2296 αὑτοῦ
678 2234 717 2296 τὰ
741 2233 886 2314 πρόβατα
910 2235 960 2299 καὶ
984 2234 1130 2313 φοίνικα(
1153 2232 1316 2312 ἀγοράεαε
1339 2239 1412 2299 ναῦν

244 2338 535 2419 ἐμφορτωτάμενοτ
558 2338 680 2418 ἀνήχθη
708 2343 785 2420 κτλ,
819 2363 1012 2425 quamquam
1041 2344 1074 2404 et
1096 2343 1167 2425 ipsa
1191 2342 1271 2405 satis
1295 2341 1413 2406 insulsa

244 2450 294 2511 est
318 2449 415 2530 atque
440 2467 478 2509 ex
504 2442 776 2529 recentissimis.³)
824 2445 918 2512 Certe
943 2470 983 2512 ne
1008 2448 1054 2526 cic
1078 2447 1205 2532 quidem
1229 2449 1317 2532 quod
1341 2448 1413 2512 insit

243 2577 379 2619 acumen
393 2554 557 2639 intellego,
591 2551 702 2638 Neque
717 2555 914 2621 intellexisse
929 2558 1055 2621 videtur
1065 2556 1120 2640 qui
1130 2556 1210 2620 haec
1220 2556 1412 2640 excogitavit

243 2663 277 2727 in
301 2661 326 2724 O
351 2663 415 2726 379
445 2666 586 2726 servata:
618 2665 638 2742 ἢ
667 2662 837 2728 bouelt(
866 2669 942 2728 τῦκα
970 2667 1028 2745 τήν
1059 2663 1226 2730 θάλατταν.
1273 2665 1327 2728 ἐπὶ
1353 2667 1412 2726 τῶν

244 2772 529 2850 χαριεντιζομένων
557 2771 638 2848 πρὸ(
665 2772 741 2834 τοὺ(
765 2769 980 2850 ἀδικήταντατ.
1027 2775 1104 2860 τῦκα
1131 2771 1191 2848 γὰρ
1216 2771 1346 2838 (uelde
1372 2789 1412 2832 uc

243 2877 501 2958 ἐμπορευόμενοι
534 2878 714 2956 ναυαγήτατ
747 2878 874 2943 ἑξέπειε
908 2879 959 2942 καὶ
991 2879 1168 2957 καθήμενοι
1202 2877 1255 2940 ἐπὶ
1290 2879 1412 2956 πέτραι,

243 2987 288 3050 ὼε
316 2984 381 3050 εἶδε
410 2987 468 3064 τὴν
496 2984 655 3050 θάλατταν
682 2983 949 3065 γαληνιάζουταν,
979 2982 1084 3048 ‘otoo’
1117 2985 1212 3063 φητὶν
1242 2982 1277 3047 (ὃ
1306 2985 1411 3059 θέλειε,

243 3098 320 3157 (ὓκα
351 3091 475 3157 Θέλειε’.
530 3089 646 3154 Melius
680 3091 795 3155 scholl.
821 3089 953 3156 Aristid.
982 3089 1031 3154 ΙΙΙ
1060 3113 1091 3174 p.
1120 3091 1187 3154 490
1215 3113 1244 3174 p.
1273 3090 1339 3154 185
1365 3088 1412 3153 Fr.

244 3197 301 3283 (=
326 3196 493 3284 Didym.?)
521 3199 540 3262 ὁ
565 3201 645 3278 Κρή(
674 3201 712 3277 δὴ
737 3199 796 3262 τὸν
818 3198 941 3263 πόντον
965 3199 1022 3282 (=
1047 3196 1081 3261 M
1104 3195 1136 3260 II
1162 3195 1232 3282 17)·
1263 3196 1411 3275 παροιμία

221 3320 223 3323 ’
243 3308 375 3371 ἐπὶτῶν
391 3307 525 3371 εἰδότων
540 3309 611 3385 μέν,
625 3307 911 3384 προεποιουμένων
931 3303 963 3367 δ’
978 3303 1122 3381 ἀγνοεῖν·
1142 3301 1213 3367 ἀντὶ
1225 3309 1285 3367 τοῦ
1305 3303 1410 3382 νηειώ-

243 3434 299 3492 τητ
323 3413 435 3491 ἀγνοεῖ
457 3419 515 3492 τήν
535 3413 696 3479 θάλατταν
715 3464 721 3476 .
741 3464 749 3478 .
769 3463 775 3476 .
796 3413 980 3493 λέγεταιδὲ
1004 3413 1023 3490 ἡ
1048 3410 1199 3489 παροιμία
1223 3411 1275 3474 καὶ
1298 3411 1409 3475 οὕτωε·

319 3680 345 3746 1)
365 3678 405 3732 cf.
424 3676 582 3733 Archiloch.
602 3679 634 3731 fr.
655 3683 688 3732 52
712 3679 745 3731 ἔα
762 3677 860 3744 Πάρον
879 3679 924 3730 καὶ
942 3681 1009 3730 τῦκα
1028 3681 1104 3729 κείνα
1122 3676 1167 3728 καὶ
1185 3675 1329 3728 θαλάττιον
1349 3673 1410 3740 βίον.

316 3768 343 3835 2)
362 3767 415 3821 Hie
433 3767 569 3836 apologus
587 3767 623 3821 ad
642 3767 750 3821 Siculos
770 3768 899 3835 spectans
919 3763 1093 3819 dubitaveris
1112 3780 1148 3817 an
1167 3780 1184 3817 a
1203 3763 1323 3818 Philisto
1342 3764 1407 3816 trac·

243 3859 319 3911 tatus
344 3856 427 3911 sitin
450 3858 539 3911 altero
559 3859 704 3912 (ικελικῶν
727 3856 813 3910 libro:
838 3855 872 3908 ef.
892 3855 969 3910 Theo
993 3871 1139 3924 progymn.
1159 3871 1185 3923 p.
1206 3852 1306 3922 cosp.
1327 3853 1409 3918 μύθου

243 3948 273 4000 δὲ
293 3947 389 3999 ὁποῖόε
407 3947 461 4000 ἑττι
476 3988 482 4000 .
498 3989 503 4000 .
521 3987 526 3998 .
541 3949 616 4013 παρὰ
634 3945 753 4010 Φιλίετιμ
773 3949 823 3999 τοῦ
842 3945 928 3998 ἵππου
948 3947 992 3998 καί
1010 3949 1069 3998 τῶν
1087 3948 1105 4010 †
1124 3944 1153 3997 ἐν
1172 3943 1295 4011 ἑκατέρῳ
1315 3938 1408 4011 (possis

244 4041 297 4090 τοι)
317 4036 452 4103 ἐμπόρου,
472 4037 504 4088 ut
522 4039 552 4090 ἔν
570 4035 681 4090 litterae
701 4034 895 4104 dittographia
917 4033 974 4087 siut
991 4035 1079 4102 ortae)
1103 4033 1133 4086 ἐν
1150 4038 1186 4100 τῇ
1205 4033 1302 4100 πρώτῃ
1323 4029 1407 4084 καὶέν

242 4131 278 4193 τῇ
302 4125 431 4194 δευτέρᾳε
455 4142 510 4192 quo
534 4125 568 4179 de
590 4126 653 4179 loco
677 4125 790 4178 consule
814 4120 967 4191 Bergkium
990 4121 1042 4192 lyr.
1063 4121 1108 4176 Gr.
1128 4120 1185 4174 111⁴
1208 4139 1235 4190 p.
1256 4126 1316 4175 233.
1353 4115 1408 4172 Nisi
1451 4131 1452 4142 ¹

244 4213 338 4268 subest
358 4215 506 4282 Ἕκατερὸτ
524 4213 572 4267 ille
591 4214 663 4266 Plut.
684 4212 818 4283 apophth.
838 4230 896 4281 reg.
915 4230 942 4280 p.
964 4217 1013 4266 177
1033 4210 1055 4263 F
1074 4217 1115 4264 10.

315 4304 344 4371 3)
362 4299 551 4355 Nihilominus
571 4299 727 4369 Gitlbauer‚
753 4299 797 4355 cui
816 4301 921 4354 ἅπανθ’
939 4301 1034 4369 ὅμοια,
1058 4299 1094 4354 ad
1116 4298 1226 4353 iambos
1250 4313 1312 4350 cam
1335 4308 1407 4348 revo-

245 4387 321 4442 cavit
339 4389 420 4443 Babr.
440 4395 492 4444 248
511 4408 538 4458 p.
559 4394 617 4443 137.
