2925 5050
565 246 917 309 -99-”

73 400 200 467 &deoc
222 402 353 481 ἀγαθῶν
376 426 448 468 cum
472 405 675 471 enarratione
699 406 840 491 gemella
862 404 890 469 Β
908 406 973 470 498
993 404 1019 468 Ρ
1036 404 1085 469 17
1103 404 1146 469 34
1165 435 1207 457 =
1226 403 1260 467 M

63 506 105 570 11
130 510 197 595 20,
222 508 437 591 Ἐνδυμίωνα(
460 511 564 577 ὕπνον
588 512 797 578 καθεῦδειεΒ
821 512 884 577 358
910 511 1061 577 Ρ11167
1095 510 1124 578 D
1148 510 1195 576 IV
1215 512 1258 576 40

65 645 119 667 =
139 614 277 703 Μ120,
291 617 547 699 Ἐνδυμίωνα(
562 618 814 706 ὕπνοιΒ367,
833 621 986 685 εὕδοντι
1005 620 1139 698 κύρτοε
1159 618 1258 697 αἱρεῖ

65 720 100 784 Β
129 722 216 810 429,
243 726 360 792 ζεῦδου
383 726 435 791 vel
457 728 554 792 εὕδου
577 731 644 793 τῶν
667 727 853 794 ἁλιευτικῶν
881 729 1004 807 κύρτων
1031 724 1059 789 Β
1078 727 1143 791 458
1167 724 1193 789 Ρ
1212 725 1258 791 17

67 830 91 893 8
122 861 175 884 =
197 832 304 897 ΜΙΠ
328 833 384 916 55,
412 833 505 914 ἦεάν
533 833 615 899 ποτ’
640 836 734 916 ἦεαν
763 834 915 915 ἄλκιμοι
940 836 1118 915 Μιλήειοι
1140 832 1168 897 Β
1192 834 1257 898 472

67 935 103 999 D
134 937 171 1003 V
194 939 228 1024 3,
256 939 356 1005 πάλαι
385 939 462 1005 ποτ’
489 942 568 1023 ἦεαν
595 940 624 1008 ἄ
649 943 689 1008 Μ.
717 943 746 1008 Β
771 943 849 1028 776,
875 943 901 1007 Ρ
924 941 955 1006 V
978 943 1021 1008 80
1045 974 1086 995 =
1110 940 1144 1007 M
1166 940 1257 1023 145,

67 1048 184 1110 Θεῶν
207 1044 330 1126 ἀγορά
352 1045 380 1109 Β
404 1047 471 1112 495
493 1047 520 1111 Ρ
542 1046 592 1112 17
614 1049 672 1133 30,
699 1049 750 1113 καὶ
774 1050 809 1113 ἐν
838 1052 922 1115 θεῶν
950 1047 1053 1134 ἀγορᾷ
1076 1046 1103 1113 Β
1128 1047 1191 1114 521
1216 1078 1258 1101 =

68 1151 111 1214 M
139 1150 235 1239 182,
261 1156 480 1235 Κωρυκαῖοε
503 1155 710 1237 ἠκροάζετο
733 1154 762 1218 Β
786 1156 849 1221 567
875 1156 901 1221 P
923 1154 970 1220 17
995 1149 1046 1241 75,
1068 1162 1126 1221 τοῦ
1149 1154 1183 1221 δ’
1205 1154 1260 1235 ἄρ’

70 1259 93 1324 ὁ
123 1262 164 1325 Κ
184 1262 212 1341 ἠ.
235 1261 264 1325 Β
289 1262 353 1327 891
382 1293 424 1316 =
453 1261 487 1327 M
515 1262 612 1348 151,
646 1263 875 1344 Κολοφωνία
907 1264 1013 1345 ὕβρι(
1040 1264 1067 1328 Β
1091 1264 1170 1349 578,
1201 1264 1259 1328 τὸν

72 1370 453 1450 Κολοφῶναέπέθηκεν
480 1368 508 1433 Β
533 1370 597 1436 899
626 1370 656 1435 D
679 1370 761 1436 VIII
785 1372 826 1437 36
856 1403 897 1427 =
925 1370 960 1436 M
982 1371 1016 1436 II
1040 1374 1073 1457 1,
1102 1372 1259 1452 Λέεβιοε

69 1475 182 1559 ᾡδόι
204 1474 232 1539 Β
253 1477 318 1542 596
342 1478 421 1558 μετὰ
444 1479 576 1560 Λέεβιον
599 1478 686 1563 ᾡδόν
706 1476 733 1541 Β
755 1479 818 1544 627
842 1478 868 1542 Ρ
891 1478 961 1544 79
986 1510 1028 1532 =
1052 1477 1087 1543 M
1109 1478 1158 1543 ΙΠ
1181 1478 1258 1564 150,

68 1588 152 1648 νῦν
174 1585 214 1647 δὲ
238 1586 321 1649 θεοὶ
345 1584 510 1665 μάκαρεε
533 1584 561 1649 Β
581 1586 660 1671 697,
684 1588 740 1651 ctu
764 1588 799 1651 δὲ
823 1593 849 1651 θ.
874 1608 902 1666 μ.
926 1585 953 1649 Β
974 1585 1039 1651 854
1058 1616 1100 1638 =
1121 1584 1146 1651 P
1166 1584 1196 1650 V
1216 1585 1258 1650 99

71 1722 120 1743 =
149 1690 183 1755 M
206 1690 241 1756 Π
264 1692 322 1777 57,
352 1690 443 1759 ὄνου
473 1692 554 1758 εκιά
576 1691 603 1756 Β
629 1693 692 1758 709
717 1694 795 1778 711,
825 1693 906 1774 ὑπὲρ
930 1692 1009 1758 ὄνου
1033 1695 1117 1757 εκιᾶε
1141 1691 1168 1755 Β
1193 1692 1258 1757 926

70 1798 100 1861 Ρ
129 1798 248 1865 7128
274 1831 315 1852 =
339 1799 375 1865 M
396 1800 492 1886 169,
520 1802 709 1881 Πέρδικος
739 1805 950 1880 καπηλεῖον
980 1799 1007 1863 Β
1033 1800 1110 1885 760,
1142 1801 1257 1879 Πέρδι-

71 1926 135 1969 κοε
161 1909 271 1971 εκέλοε
295 1907 323 1972 Β
347 1908 412 1973 815
436 1940 478 1961 =
502 1906 537 1971 M
558 1906 608 1973 III
633 1908 711 1991 166,
740 1907 919 1974 Πλακιάδαι
947 1909 998 1973 καὶ
1021 1907 1162 1974 ετειλεόν
1185 1904 1258 1972 cum

71 2012 185 2078 Athoi
208 2014 225 2078 Ι
245 2009 292 2079 73
311 2014 443 2099 ineptiis
462 2015 489 2079 B
510 2017 584 2101 777,
607 2013 634 2079 ὦ
652 2015 836 2081 Λακιάδαι
860 2015 977 2081 rectius
1002 2012 1155 2099 13958.1)
1192 2012 1258 2079 Ubi

72 2120 223 2185 alterurn
242 2120 349 2186 locum
369 2122 559 2207 plerumque
578 2122 712 2188 Zenobii
732 2122 834 2188 Athoi
854 2145 923 2187 esse
943 2123 1095 2205 invenies,
1119 2122 1257 2186 alterum

74 2223 219 2312 (litteris
239 2228 378 2293 diductis
398 2228 570 2316 scriptum)
595 2232 635 2296 ab
655 2229 766 2297 Athco
785 2230 832 2295 ita
851 2230 1022 2314 diuersum,
1040 2234 1077 2294 ut
1097 2228 1137 2293 ad
1157 2228 1258 2293 alium

73 2334 168 2400 haud
193 2335 289 2400 dubie
308 2334 434 2401 fontem
452 2336 637 2403 referendus
657 2337 709 2422 sit,
731 2338 823 2402 velut
841 2336 868 2403 si
888 2342 1061 2423 genuinam
1085 2334 1257 2401 lectionem

74 2443 218 2524 praebet
240 2437 299 2528 pro
324 2449 477 2529 corrupta
500 2442 647 2531 Achate)

168 2549 234 2615 His
253 2550 410 2616 accedunt
428 2552 502 2637 alia,
521 2573 603 2636 quae
616 2573 711 2636 nunc,
729 2553 787 2617 ubi
807 2553 874 2616 veri
889 2551 1022 2616 Zenobii
1037 2551 1256 2638 cognitionem

76 2656 244 2742 quandam
268 2657 426 2744 cepimus,
455 2660 552 2725 certis
576 2659 776 2745 argumentis
801 2681 839 2722 ex
866 2659 937 2743 ipsa
959 2681 994 2723 re
1017 2659 1129 2744 petitis
1153 2660 1194 2724 ab
1219 2681 1255 2724 eo

76 2786 257 2848 possumus
281 2764 476 2832 abiudicare.
522 2766 618 2831 Haud
640 2787 745 2851 pauca
769 2765 968 2850 argumentis
993 2770 1050 2831 aut
1074 2765 1256 2850 explicandi

78 2871 211 2936 ratione
236 2875 293 2936 aut
311 2894 459 2937 sermone
482 2873 629 2938 fraudem
648 2857 799 2958 produnt
835 2871 942 2938 Facile
962 2872 1048 2937 enirn
1068 2872 1256 2938 observabis

76 2977 223 3060 plurima
242 2979 488 3061 proverbiorum
507 2981 713 3065 volgatorum
732 2981 775 3045 ad
791 2980 980 3044 animalium
1001 3000 1100 3069 mores
1118 2981 1256 3044 virtutes-

77 3106 136 3166 que
160 3085 332 3150 referenda
351 3107 421 3150 esse
440 3123 482 3132 —
502 3109 585 3170 quae
604 3086 738 3171 longum
757 3089 807 3151 est
825 3109 1021 3172 enumerare,
1043 3109 1119 3150 nem
1138 3086 1172 3148 in
1191 3107 1257 3149 una

76 3193 104 3255 a
124 3193 238 3258 littera
256 3191 323 3258 fere
347 3192 564 3278 quadraginta
582 3193 728 3258 invenies
748 3226 800 3277 —,
819 3192 870 3258 vel
890 3193 968 3258 adeo
992 3213 1029 3258 ece
1047 3193 1124 3276 closis
1139 3193 1257 3274 fabalis
1277 3273 1281 3280 Ι

77 3299 230 3382 Aesopeis
251 3299 399 3384 fluxisse,
421 3299 460 3364 cf.
485 3302 520 3365 ut
543 3300 681 3384 paucula
703 3321 743 3363 cx
766 3299 877 3364 multis
901 3299 1070 3383 decerpam
1095 3298 1159 3364 alio
1183 3299 1255 3364 loco

79 3406 265 3472 accuratius
288 3406 469 3499 tractandis
492 3406 557 3471 ΡΙ
580 3407 624 3472 20
652 3405 681 3470 Β
706 3405 769 3470 159
794 3387 890 3472 ἀετῦν
913 3406 1071 3486 κάνθαροι
1095 3406 1256 3485 μαιεύεται

79 3545 120 3568 =
147 3513 268 3596 Aesop.
291 3513 400 3578 Halm.
425 3514 458 3596 7,
486 3513 513 3577 P
535 3513 551 3578 I
574 3515 616 3578 69
640 3512 667 3576 Β
691 3515 733 3592 97
759 3512 839 3578 ἄλλο
863 3515 963 3591 γλαὺξ
987 3517 1051 3578 κτλ.
1076 3513 1158 3578 conl.
1181 3512 1255 3578 Aes.

78 3621 117 3686 H.
144 3621 225 3706 212,
256 3619 281 3683 P
304 3619 377 3684 115
400 3620 427 3684 Β
454 3620 517 3683 133
541 3619 605 3683 ἀπὸ
631 3623 852 3700 βραδυεκελῶν
875 3618 963 3685 ὄνων
986 3622 1050 3684 κτλ.
1075 3620 1157 3684 conl.
1182 3621 1255 3684 Aes.

78 3727 117 3795 H.
147 3727 211 3792 157
235 3723 334 3791 Babr.
362 3726 419 3811 62,
447 3726 473 3791 Ρ
495 3724 530 3789 ΙΙ
553 3726 596 3791 33
619 3725 682 3806 ἀφ’
711 3726 822 3791 ἵππων
849 3725 905 3792 ἐπ’
928 3724 1024 3792 ὄνου(
1053 3727 1135 3791 conl.
1158 3725 1255 3791 Babr.

156 3942 183 4010 1)
202 3939 346 3994 Interdum
370 3937 426 3992 loci
449 3955 467 3992 a
489 3953 554 3993 vero
574 3936 696 3992 Zenobio
719 3936 805 3992 alieni
828 3935 973 4006 proprium
998 3935 1051 3990 sibi
1073 3935 1177 3992 lemma
1200 3953 1255 3991 non

79 4031 272 4099 servaverunt,
293 4029 342 4083 sed
357 4045 420 4083 cum
434 4026 599 4082 Zenobianis
618 4027 767 4082 coniuncta
786 4027 861 4081 sunt:
881 4024 916 4080 cf.
931 4025 953 4080 P
967 4023 1006 4080 17
1021 4031 1055 4080 03
1075 4025 1146 4080 795
1167 4024 1205 4078 71
1220 4029 1254 4079 ta

78 4121 98 4173 B
116 4124 166 4175 30.
205 4117 325 4172 Fallitur
343 4115 520 4170 Warnkross.
541 4135 567 4186 p.
589 4121 622 4170 19
641 4113 745 4170 codicis
765 4115 786 4168 B
805 4113 915 4168 libidini
935 4113 1045 4184 ‘dupla’
1066 4113 1199 4168 tribuens.

152 4211 179 4276 2)
201 4205 312 4259 Similia
330 4205 429 4274 habes,
453 4203 503 4259 sed
521 4221 593 4274 quae
611 4222 674 4258 cum
693 4203 787 4258 Athoo
806 4219 967 4273 comparare
989 4219 1046 4256 non
1069 4200 1158 4271 possis
1177 4203 1200 4255 B
1219 4208 1253 4256 42

78 4299 136 4367 (ar)
157 4300 224 4362 5833
244 4295 267 4347 Β
287 4299 320 4349 au
341 4320 374 4340 =
393 4295 415 4347 P
434 4293 447 4346 1
466 4297 500 4348 ιιι
519 4293 541 4346 Β
559 4298 625 4361 ιον,
644 4293 666 4346 Β
687 4298 737 4346 122
757 4291 781 4344 Β
801 4291 814 4344 1
832 4297 865 4346 aa
886 4293 1011 4362 (Macar.)
1027 4289 1054 4361 Β
1073 4296 1139 4357 μοι,
1158 4292 1180 4344 Β
1202 4297 1252 4347 rra

79 4391 146 4452 2063
165 4383 190 4436 Β
211 4388 262 4439 513
282 4388 348 4450 ela
367 4382 389 4434 Β
409 4389 460 4438 ere
480 4388 545 4449 μοι,
564 4381 587 4434 Β
607 4387 657 4436 uec
677 4386 742 4446 νοις
760 4379 785 4434 Ι)
804 4379 844 4436 Vl
863 4387 897 4438 co
916 4379 967 4436 VH
987 4378 1079 4433 10οΒ
1099 4383 1160 4434 aaa.

990 4465 1027 4521 7*
