2925 5050
722 304 966 369 -114-

258 466 446 548 inlustrare,
483 488 677 550 quamquam
711 465 841 551 singula
878 466 945 530 fere
983 465 1154 549 proverbia
1190 465 1320 529 conlata
1356 486 1415 527 eon-

257 574 450 638 firmabunt:

292 716 315 768 L
335 721 369 769 38
389 714 447 784 (Gr.
468 718 513 783 31)
542 715 597 769 Αἲξ
615 717 678 782 τὴν
696 715 814 781 μάχαι·
904 712 1252 780 ΡΙθίΑ.τ,μ.·παροιμία
1263 713 1305 767 έπί
1316 718 1371 767 τῶν
1381 731 1416 765 κα-

255 822 332 872 ραν·
352 806 396 859 ἐπί
409 810 468 859 τῶν
486 805 726 858 ποιούντωντι
741 805 815 856 καθ’
870 808 925 857 κῶς
943 822 969 857 τι
984 805 1058 857 καθ’
1076 804 1208 857 ἑαυτῶν
1222 804 1416 866 ποιούντων,

256 899 401 951 ἑαυτῶν·
421 895 498 960 αἰγός
510 896 565 963 γὰρ
579 896 689 949 θύεςθαι
703 896 815 961 μελλού-
870 895 925 947 ἀπὸ
940 892 1057 961 ἱςτορίας
1075 894 1215 959 τοιαύτης.
1236 892 1367 959 Κορίνθιοι
1381 896 1416 944 θυ-

256 1004 316 1055 ςης,
340 988 399 1040 ἐπεί
423 984 558 1052 μαχαίρας
580 986 679 1053 ἠπόρει
702 986 814 1038 όθθςαι
870 984 928 1038 ςίαν
943 986 1088 1037 τελοῦντες
1097 984 1170 1051 Ἥρᾳ
1182 982 1417 1049 ένιαύςιοντῇύπό

256 1078 346 1131 θέλων
379 1077 584 1152 ςκαλεύςαςα
614 1081 686 1128 τοῖς
717 1076 814 1127 ποςίν
870 1073 994 1141 Μηδείας
1012 1071 1167 1141 ἱδρυνθείςῃ
1187 1074 1233 1125 καί
1253 1071 1416 1139 Ἀκραίᾳκα-

256 1168 327 1233 αύτη
351 1169 404 1233 τὴν
427 1170 481 1233 γῆν
505 1166 642 1232 μάχαιραν
664 1165 815 1232 ἀνέφηνε
869 1165 999 1233 λουμένῃ,
1021 1164 1086 1227 αίγα
1104 1168 1139 1230 τῇ
1159 1166 1215 1231 θεῷ
1231 1162 1321 1214 έθυον.
1352 1162 1417 1213 Τινὲς

255 1256 442 1323 κεχωςμένην,
468 1256 532 1321 μεθ’
554 1254 588 1319 ἡ(
616 1256 705 1321 αὐτὴν
733 1255 815 1321 έςφα-

256 1361 357 1409 γιαςεν.

293 1777 315 1830 L
342 1782 375 1830 39
407 1776 436 1828 Μ
460 1794 486 1845 p.
511 1776 710 1842 377.Ἀκρον
736 1774 815 1839 λάβε

256 1869 310 1920 καὶ
329 1866 424 1932 μέςον
438 1867 535 1920 έξεις·
549 1866 644 1934 τούτῳ
658 1866 815 1932 χρώμεθα

256 1958 339 2010 όταν
361 1956 423 2009 τινὰ
440 1956 474 2009 τὸ
499 1955 609 2021 αἴνιγμα
631 1955 665 2009 τό
688 1956 816 2022 δωρηθέν

254 2050 351 2113 νοῆςαι
368 2044 601 2113 τροτρεπώμεθα·
625 2045 745 2112 χρηςμός
762 2045 816 2111 γὰρ

256 2140 342 2188 τούτο
361 2136 445 2201 ἐδόθη
464 2140 523 2188 τοῖς
542 2132 740 2201 Αἰγινήταις
765 2134 815 2187 έκ-

255 2229 390 2277 πεςοῦςι
410 2228 470 2290 τῆς
487 2212 666 2291 πατρίδος,
690 2222 716 2275 οἳ
741 2240 815 2289 ςυμ-

257 2314 418 2378 βαλόντες
430 2313 464 2366 τό
473 2314 611 2380 ῥηθένκαί
628 2313 815 2379 ἀκρωτήρι-

256 2417 293 2454 ον
313 2400 541 2467 καταςχόντες
559 2401 658 2467 μέςον
672 2404 813 2470 ᾠκηςαν.

870 1255 900 1306 δέ
908 1253 1143 1319 τῶνκομιςάντων
1151 1255 1295 1317 μιςθωτῶν
1305 1252 1416 1317 ἔκρυψαν
1441 1284 1446 1293 .

869 1346 921 1410 τὴν
937 1344 1074 1410 μάχαιραν
1086 1343 1131 1395 καί
1146 1342 1343 1408 ςκηπτομένων
1353 1338 1384 1411 <l
1409 1370 1416 1376 ·

869 1430 1016 1505 λελῆςθαι)
1027 1433 1095 1485 ἔνθα
1109 1432 1254 1499 ἀπέθεντο,
1268 1433 1286 1498 ἡ
1302 1430 1343 1485 αἲξ
1356 1436 1416 1482 τοῖς

868 1524 965 1576 ποςίν
987 1522 1257 1577 ἀναςκαλεύςαςα
1279 1520 1416 1588 ἀνέφηνε

869 1616 927 1667 κτλ.
938 1612 959 1681 ¹)

905 1772 1010 1827 Plb'l
1034 1774 1079 1827 Ἀ.
1099 1777 1122 1827 λ.
1142 1792 1165 1827 κ.
1188 1791 1213 1839 μ.
1234 1774 1268 1826 ἕ.·
1302 1772 1417 1825 ἐπὶτῶν

870 1866 1051 1933 δυςφρύςτων
1069 1866 1114 1917 καὶ
1129 1862 1299 1929 δυςνοήτων.
1329 1860 1361 1915 Οἱ
1373 1860 1417 1925 γὰρ

868 1958 923 2022 τὴν
952 1955 1089 2019 Αἴγιναν
1122 1950 1290 2019 οίκὴςαντες,
1317 1950 1418 2016 πολέμῳ

869 2046 1073 2099 ἐκπεςόντες
1091 2046 1150 2108 τῆς
1168 2040 1332 2107 πατρίδος
1351 2040 1419 2106 ἐχρή·

870 2151 952 2188 ςαντο
970 2140 1011 2203 τῷ
1036 2137 1103 2201 θεῷ·
1131 2133 1147 2183 ὁ
1171 2132 1201 2185 δέ
1226 2131 1260 2184 τό
1284 2129 1419 2197 εἰρημένον

869 2225 964 2277 αὐτοῖς
978 2224 1096 2277 ἀνεῖλεν·
1118 2220 1144 2273 οἱ
1159 2221 1189 2274 δέ
1203 2220 1419 2285 ςυμβαλόντες

869 2314 920 2367 τὸν
939 2312 1073 2380 χρηςμδν,
1094 2310 1310 2378 ἀκρωτήριόν
1328 2326 1354 2363 τι
1373 2324 1418 2360 κα-

869 2403 1051 2469 ταςχόντες
1069 2402 1142 2455 κατὰ
1165 2400 1264 2465 μέςον
1288 2402 1418 2469 ώκηςαν,

871 2492 938 2546 Ἀπὸ
958 2492 988 2546 δέ
1005 2491 1110 2559 ταύτης
1127 2494 1178 2558 τῆς
1193 2488 1282 2544 αἰτίας
1301 2490 1379 2544 όταν
1396 2504 1417 2539 τι

869 2583 1022 2651 δυςνόητον
1058 2581 1224 2647 θέλωμεν
1256 2578 1418 2642 αίνίττεςθαι,

764 2703 767 2710 ‹
868 2672 1024 2740 χρώμεθα
1041 2675 1082 2740 τῷ
1101 2666 1334 2738 προειρημένῳ.’)

290 2831 312 2884 L
335 2837 368 2885 51
397 2831 425 2883 M
452 2849 479 2900 p.
500 2836 551 2885 379
579 2831 682 2884 Ἀλλα
709 2833 768 2898 μὲν
796 2832 812 2884 ὁ
903 2830 1002 2885 Pl'l4
1021 2831 1125 2888 Ἀλλα
1145 2830 1203 2896 μέν
1222 2830 1359 2883 Λεύκων
1375 2826 1417 2880 λέ-

255 2922 373 2976 Λάκων
391 2921 494 2988 λέγει,
518 2921 599 2973 ἀλλα
618 2921 813 2975 δ’όΛόικω-
867 2939 935 2990 γει,
962 2922 1044 2976 ἄλλα
1075 2920 1109 2974 δέ
1134 2919 1312 2974 Λεύκωνος
1335 2920 1358 2971 ό.
1380 2931 1416 2983 φ.·

254 3028 312 3065 νος
330 3012 408 3066 όνοτ
425 3011 531 3078 φέρει.
561 3009 618 3063 Ἐπί
636 3013 695 3064 τῶν
714 3011 814 3078 ἀςυμ-
867 3012 975 3076 λέγεται
994 3011 1044 3077 μέν
1067 3007 1111 3063 έπί
1133 3013 1193 3064 τῶν
1217 3007 1418 3075 ἀςυμφώνως

254 3102 377 3168 φώνως
400 3101 481 3153 τοὺς
498 3099 624 3178 λόγους
645 3105 719 3154 τοῖς
736 3099 815 3154 ἰδίοις
868 3103 912 3170 (-
925 3098 1122 3155 voucFinckh.
1136 3116 1163 3167 p.
1178 3098 1205 3164 ό)
1224 3103 1298 3150 τοῖς
1316 3098 1418 3164 ἔργοις

147 3245 150 3249 ,
255 3189 369 3256 ἔργοις
391 3188 643 3256 παρεχομένων.
687 3190 814 3257 Παρόςον
867 3184 1417 3253 τοὺςλόγουςπαρεχομένωνλεύ-

156 3653 159 3658 ’
255 3633 353 3685 ἀςκούς
370 3638 422 3685 τού
442 3634 548 3700 μέλιτος
566 3635 750 3704 έφανέρωςεν.

255 3279 339 3331 οὗτος
366 3279 424 3343 μέλι
446 3278 498 3331 τόν
521 3279 588 3331 όνον
611 3276 655 3346 (L,
684 3279 751 3333 όλον
773 3277 813 3347 Μ)
838 3273 841 3327 Ι
867 3297 925 3334 κων
942 3280 996 3346 γάρ
1015 3294 1055 3331 τις
1069 3276 1194 3343 γεωργός
1207 3275 1316 3340 μέλιτος
1330 3274 1417 3327 ἀςκοὺς

256 3367 404 3433 φορτώςας
422 3351 588 3434 έξαπατῆςαι
605 3369 674 3422 τοὺς
690 3369 814 3423 τελώνας
867 3369 907 3423 είς
924 3369 1051 3436 φορμούς
1066 3365 1193 3432 ἐμβαλών
1207 3365 1331 3430 έκόμιῑεν
1346 3361 1416 3426 Ἀθή-

256 3456 435 3523 βῦυλὸμενος,
460 3457 518 3510 ἐπεί
540 3456 568 3510 τί
586 3457 647 3524 ἄγει
665 3458 814 3525 ἐρωτηθείς
866 3456 968 3526 vale.)
1012 3456 1110 3524 Κριθὰς
1140 3454 1190 3508 οὖν
1219 3457 1278 3506 τοῖς
1308 3455 1417 3526 φορμοῑς

255 3545 349 3611 κριθὰς
367 3514 487 3613 duem}
505 3546 571 3599 όνος
588 3546 730 3614 όλιςθήςας
747 3550 814 3602 τοὺς
868 3547 995 3613 ἐμβαλών
1028 3546 1067 3600 ώς
1094 3545 1163 3611 ὑπὲρ
1194 3545 1300 3608 κριθῶν
1332 3538 1416 3602 ὀλίγον

867 3636 1129 3704 εῖςπραχθηςόμενος
1142 3633 1221 3686 τέλος
1235 3632 1350 3696 ἐκόμιζε.
1367 3630 1416 3681 Τοῦ

868 3726 893 3778 δ’
912 3726 979 3779 όνου
1002 3723 1146 3789 πεςόντος,
1171 3720 1197 3774 οἱ
1221 3723 1339 3774 τελῶναι
1362 3722 1419 3784 βοη-

867 3817 946 3881 θῆςαι
959 3883 961 3890 Ι
975 3813 1136 3879 βουλόμενοι
1169 3809 1272 3875 ἔμαθον
1296 3809 1340 3862 ότι
1365 3807 1415 3873 μέλι

867 3901 921 3956 έςτὶ
935 3904 992 3957 κτλ.

273 4152 275 4156 ,
328 4063 489 4167 1)·Zen0bii
507 4100 594 4157 Athoi
613 4098 691 4156 11³0
711 4101 752 4156 όις
769 4099 823 4168 τὴν
842 4113 869 4167 μ.
889 4099 1012 4154 servavit
1031 4094 1054 4152 B
1073 4103 1125 4154 723
1146 4122 1179 4144 =
1198 4099 1269 4168 App.
1289 4093 1328 4151 IV
1348 4099 1387 4150 16.

326 4191 353 4259 2)
369 4188 409 4242 cf.
420 4188 443 4242 B
454 4195 501 4262 8⁷3
516 4190 629 4246 aliunde
643 4189 763 4261 petitum
781 4191 863 4246 320⁷
878 4189 926 4245 ubi
938 4189 1091 4244 Ἀπελλαιοι
1107 4189 1283 4259 (Πελληναῑοι
1298 4184 1416 4249 Mueller)

156 4337 159 4340 ,
255 4281 319 4333 sunt
341 4294 393 4349 pro
411 4277 557 4350 Aeginetis
576 4280 605 4334 el
623 4279 819 4334 Alexandridis
839 4277 884 4348 (cl.
903 4295 930 4347 p.
952 4281 996 4348 λθ)
1015 4277 1208 4332 testimonium
1225 4275 1373 4346 profertur.

328 4371 355 4435 3)
374 4368 498 4424 Fluxisse
516 4371 588 4423 haec
606 4368 737 4425 videntur
756 4385 789 4424 ex
806 4366 944 4426 Leuconis
964 4365 1063 4422 comici
1083 4367 1141 4437 όνῳ
1160 4365 1310 4436 ἀςκαφόρῳ
1329 4361 1414 4436 (Kocl.

187 4459 194 4470 ⁶
253 4475 281 4527 p.
302 4459 377 4526 703)
396 4457 431 4511 cf.
450 4457 571 4513 Βοοαίςίι.
592 4457 694 4512 Οαοου.
712 4455 772 4514 Att.
791 4455 817 4510 1²
834 4474 861 4527 p.
881 4459 933 4510 488
952 4473 992 4525 sq.
