2925 5050
514 283 728 348 ..17-

56 441 157 528 (verbis
175 445 514 526 παροιμίαιδημιιίδειι
532 447 613 510 κατὰ
632 451 790 524 ιτοιχεῖον
808 444 860 508 vel
876 441 1028 508 similiter
1046 439 1208 528 inscript')

55 549 228 618 Bodleiaaus
252 552 440 618 chartaceus
465 575 489 617 s.
512 552 573 618 XV
597 549 653 638 (B)
678 553 738 617 sub
761 552 859 616 finem
883 549 971 632 (inde
995 551 1036 615 ab
1061 550 1125 615 858
1149 551 1207 615 (α-

56 659 119 736 μίων
140 655 232 742 ἄνθη)
259 658 393 724 mutilus
417 663 450 722 et
478 659 639 744 pleniores
664 659 719 742 qui
743 657 904 723 simillimi
927 659 996 722 eius
1019 663 1095 722 sunt
1124 657 1209 722 Voti·

55 785 133 828 cuaas
158 763 287 829 Schotti
310 763 369 852 (V)
394 770 427 830 et
451 768 616 831 Parisinus
641 767 726 831 1773
752 765 810 849 (Α)
833 766 900 829 fere
928 766 1013 831 1000
1035 765 1209 848 proverbia

56 871 223 936 exhibentes
259 909 296 919 -
331 895 406 938 nam
440 872 648 938 Gaisfordum
680 873 776 937 huius
810 872 1006 937 recensionis
1043 872 1209 957 exemplar
1238 930 1240 934 .

57 999 113 1042 oum
127 980 258 1062 ‚primus
281 981 389 1046 ederet
418 981 551 1065 plenum
575 981 805 1066 integrumque
828 1002 893 1044 non
917 979 1100 1043 restituisse
1123 979 1210 1042 intra

56 1084 225 1151 videbimus.

127 1191 259 1259 Codices
274 1194 387 1260 classis
405 1194 522 1278 prioris
542 1191 582 1280 (P
597 1192 628 1257 Η
642 1192 682 1279 F)
701 1193 1008 1277 interpolationibus
1023 1194 1209 1278 inquinatos

56 1321 110 1362 esse
130 1300 195 1364 iam
219 1298 482 1366 Schneidewinus
506 1301 633 1365 monuit
659 1299 760 1384 praef.
783 1324 814 1384 p.
836 1299 939 1365 XXV.
985 1299 1053 1365 Nec
1076 1301 1209 1366 dubium

56 1406 120 1487 quin
133 1407 333 1471 narrationes
348 1406 515 1472 fabulosae
529 1424 568 1472 ex
578 1407 770 1491 Apollodori
785 1406 982 1472 bibliotheca
992 1408 1209 1492 depromptae,

55 1514 226 1578 remotiores
249 1513 324 1591 illae
353 1515 394 1578 ab
417 1515 562 1598 ipsorum
590 1514 836 1599 proverbiorum
864 1514 1078 1598 explicatione
1107 1537 1210 1598 neque

55 1642 172 1702 usquam
196 1622 233 1685 in
251 1620 285 1685 M
300 1620 326 1686 L
344 1626 577 1706 comparentes,
601 1620 706 1684 aliena
728 1643 827 1685 manu
846 1621 930 1686 male
954 1622 1021 1686 sint
1043 1621 1164 1686 inlatae
1172 1619 1209 1707 ¹);

56 1729 136 1809 atque
159 1729 259 1792 etiam
282 1728 321 1793 de
344 1728 516 1812 proverbio
540 1727 693 1806 &verberit
717 1727 736 1791 ὁ
759 1728 841 1807 θεόε,
866 1750 1061 1811 quamquam
1085 1728 1210 1792 nullum

55 1836 95 1895 est
118 1831 352 1900 Schneidewini
380 1838 607 1920 argumentum
635 1832 824 1899 Christiano
851 1835 931 1898 illud
957 1834 1083 1898 homini
1109 1834 1211 1898 vindi·

55 1937 188 2027 eurise),
216 1945 327 2006 tamen
355 1942 384 2007 ei
412 1941 591 2026 adsentior,
621 1962 694 2005 cum
721 1942 756 2004 in
785 1942 864 2006 serie
892 1941 1137 2025 proverbiorum
1164 1941 1210 2004 di-

56 2045 256 2130 ligentissime
290 2048 464 2114 secundum
494 2048 589 2112 binas
623 2048 750 2112 litteras
783 2048 1015 2133 dispositorum
1039 2046 1210 2131 (Schmidt.

54 2174 77 2234 p.
96 2150 128 2238 4)
152 2155 315 2218 intrusum
343 2154 386 2219 sit
408 2155 494 2218 inter
518 2176 558 2232 αγ
582 2158 614 2218 et
637 2158 677 2218 αδ
701 2157 734 2217 et
756 2154 931 2237 persimilis
960 2155 1004 2218 sit
1026 2156 1115 2220 loeus
1139 2153 1209 2219 Ole-

54 2261 155 2325 nentis
177 2260 389 2325 Alexandrini
413 2259 548 2345 paedag.
565 2259 616 2324 III
635 2261 704 2325 init.
728 2259 881 2339 ἀνενδεὴς
905 2261 940 2323 δὲ
965 2254 1062 2339 μόνοι
1087 2261 1105 2325 ὁ
1129 2261 1211 2328 θεόε.

55 2365 133 2432 Addo
147 2368 237 2433 locos
253 2367 411 2452 quosdam
425 2367 480 2451 qui
491 2367 595 2452 magis
605 2367 827 2452 lexicographi
837 2372 912 2431 sunt
923 2389 1020 2450 quam
1030 2369 1210 2452 paroemio-

56 2475 171 2560 graphi‚
194 2475 284 2541 velut
305 2473 353 2540 IV
379 2475 421 2540 70
444 2476 552 2539 κύδοε·
577 2474 733 2553 λοιδορία,
757 2474 939 2551 κακολογία.
987 2476 1042 2541 Καὶ
1065 2475 1211 2543 κοδάΖειν
1323 2503 1334 2527 ·

55 2581 85 2642 τὸ
102 2585 259 2662 λοιδορεῖν
279 2583 329 2647 καὶ
350 2566 549 2658 κακολογεῖν.
586 2582 622 2647 Ἡ
642 2584 682 2645 δὲ
702 2582 832 2661 πρώτη
853 2585 1019 2662 τολλαβὴ
1041 2584 1211 2663 βραχέως

54 2686 252 2768 ἐκφέρεται.
304 2690 360 2753 Καὶ
394 2688 473 2752 ὅταν
506 2688 670 2767 λοιδορίαν
702 2688 804 2771 ἐκτίτῃ
838 2708 885 2751 τιε
918 2689 970 2752 ἐπὶ
998 2690 1107 2767 μηδενὶ
1134 2687 1211 2771 ἀξίῳ

55 2796 350 2875 τοκοφαντοομένοι(
387 2799 654 2874 παροιμιωδῶι
696 2797 823 2872 λέγεται
861 2795 976 2859 irritos<
1019 2795 1210 2859 ἐκτετικέναι

55 2916 253 2930 ῃῇ--ι-

115 2991 139 3057 1)
169 2987 207 3042 De
232 2988 427 3057 Apollodoreis
450 2991 563 3058 praeter
587 2986 828 3042 Schneidewinum
851 2988 870 3041 l.
896 3005 917 3042 1.
941 3005 962 3042 1.
991 2986 1112 3042 videnda
1139 3001 1210 3055 quae

55 3072 190 3143 diligenter
205 3077 333 3146 exposuit
348 3076 377 3131 0.
387 3077 525 3132 Robertus
542 3076 587 3130 ‘de
598 3075 763 3145 Apollodori
777 3075 961 3131 bibliotheca'
973 3094 1000 3144 p.
1012 3075 1081 3142 30¹⁷,
1095 3080 1210 3129 44-48.

55 3160 119 3225 Quae
138 3166 174 3220 IV
193 3173 227 3222 92
247 3185 273 3236 p.
295 3172 345 3220 112
365 3164 407 3221 ed.
423 3165 499 3221 Gott.
514 3165 549 3219 de
564 3163 689 3219 Daedalo
704 3167 733 3220 et
747 3165 841 3221 Minoe
855 3168 1002 3220 narrantur
1016 3182 1051 3219 ex
1064 3164 1211 3236 deperdito

55 3252 205 3320 Apollodori
223 3254 279 3309 fine
296 3254 387 3323 petita
405 3270 465 3309 esse
484 3255 513 3309 et
525 3253 586 3323 ipse
601 3253 669 3308 olim
688 3253 796 3308 conieci
809 3270 861 3307 nec
879 3252 953 3323 fugit
966 3253 1120 3308 Robertum
1135 3272 1162 3325 p.
1176 3259 1211 3308 49

54 3344 120 3411 extr,
137 3361 308 3413 quamquam
326 3361 382 3398 non
400 3342 507 3413 recepit
524 3343 655 3417 Heroher.
676 3374 709 3383 -
729 3343 823 3412 ipsum
841 3341 992 3412 Didymum
1010 3342 1211 3399 bibliothecam

55 3431 179 3499 expilasse
197 3434 264 3503 post
278 3430 484 3487 Schneidewini
503 3434 532 3487 et
544 3430 660 3486 Roberti
678 3440 759 3485 ouras
777 3432 861 3485 nimis
879 3432 1051 3488 confidenter
1068 3434 1214 3489 contendit

54 3515 80 3571 R.
96 3520 221 3595 Eoerrter
242 3522 335 3577 ‘Raub
354 3522 402 3577 der
419 3520 560 3591 Perseph’
581 3537 608 3589 p.
628 3520 683 3575 54⁷.
745 3563 747 3567 .

114 3613 139 3677 1)
166 3610 319 3666 Contendit
341 3608 568 3667 Schneidewinns
594 3609 731 3664 ‘heodem
755 3626 906 3680 coarguere
931 3610 1007 3679 quod
1034 3610 1139 3665 lemma
1166 3628 1212 3665 ex·

55 3694 129 3765 cipiet
145 3717 199 3756 vox
216 3699 362 3768 acporpiu:
387 3697 461 3754 nude
479 3700 576 3767 patere
595 3714 628 3752 ex
647 3698 737 3753 lexico
756 3698 852 3767 aliquo
871 3700 1014 3754 scholiove
1032 3698 1212 3768 proverbium

54 3781 238 3857 interpositum
262 3788 343 3844 esse'.
388 3787 465 3853 Quae
489 3786 647 3842 observatio
671 3787 695 3841 ai
718 3804 787 3867 vera
811 3790 896 3854 esset,
923 3786 1047 3857 plurima
1073 3805 1091 3842 a
1114 3805 1213 3859 paroe-

55 3873 215 3947 miographis
244 3878 346 3934 nostris
374 3874 563 3931 abiudicanda
591 3880 685 3931 esseut
711 3875 877 3946 proverbia,
904 3865 971 3931 uam
999 3877 1097 3944 eadem
1125 3878 1212 3933 babes

56 3960 148 4021 Plau
176 3966 269 4021 {1158
294 3964 333 4019 IV
352 3970 368 4019 δ
387 3969 421 4018 48
443 3970 475 4018 91
497 3970 531 4019 94
550 3970 583 4020 97
611 3964 637 4017 V
656 3971 672 4019 3
691 3971 725 4019 63
754 3964 792 4019 VI
811 3971 859 4033 20,
887 3964 992 4019 similia
1018 3964 1045 4018 H
1063 3970 1097 4020 56
1117 3971 1151 4020 59
1170 3984 1211 4035 sq.

56 4047 275 4109 0111131311
295 4055 347 4109 etc.
386 4053 440 4109 Sed
459 4070 558 4123 pamm
577 4052 632 4108 sibi
651 4056 781 4109 constans
800 4071 938 4124 nusquam
951 4053 1021 4108 alibi
1039 4070 1073 4109 ea
1085 4071 1152 4109 usus
1170 4061 1213 4110 est

58 4138 283 4210 Schneidewinns,
302 4159 393 4211 neque
416 4158 467 4197 noa
491 4159 525 4197 ea
547 4142 590 4196 uti
612 4158 772 4213 possumus,
795 4160 859 4197 cnm
883 4143 960 4199 haud
981 4159 1072 4213 pauca
1093 4160 1128 4198 ex
1149 4144 1212 4199 istis

56 4225 182 4287 lemmatis
204 4232 234 4287 in
257 4230 326 4301 ipsis
349 4232 371 4285 L
390 4230 421 4283 M
443 4229 622 4286 inveniantur
645 4231 694 4301 (IV
712 4237 748 4286 48
762 4256 796 4278 =
811 4231 868 4285 MI
886 4238 921 4287 80
948 4231 986 4286 IV
1006 4238 1038 4286 91
1055 4256 1089 4278 =·
1103 4232 1158 4285 ΜΙ
1179 4239 1211 4288 19

57 4315 119 4375 Vct
137 4346 170 4367 ==
189 4320 218 4374 M
233 4319 331 4389 1124):
359 4320 432 4375 unde
455 4320 588 4388 παροιμία
610 4336 664 4376 coa
682 4322 724 4377 ita
742 4322 868 4377 adbibita
885 4322 1049 4391 eccerptcris
1064 4338 1120 4378 case
1133 4338 1213 4393 posse

58 4408 199 4479 conligitur.

103 4514 212 4570 cassius,
232 4517 352 4559 Analecta.
984 4505 1000 4552 2
