2925 5050
525 270 747 334 ...97-

42 428 213 494 codicibus
236 429 377 515 volgatis
412 430 545 515 omissa,
572 435 682 495 tamen
704 450 781 494 cave
804 451 844 493 ne
872 428 1006 501 nimium
1030 427 1059 491 ei
1083 428 1223 513 tribuas;

41 542 187 618 excerpto
205 537 291 601 enim
312 543 362 602 est
384 558 422 602 cx
443 539 676 603 contentionibus
698 538 785 603 baud
805 538 894 602 dome
916 538 1012 601 molto
1030 536 1222 619 plenioribus

43 643 148 706 etiam
172 666 192 707 a
214 643 368 727 volgatae
395 643 599 709 diasceuasta
627 643 782 708 adhibitis
792 642 814 727 ¹)
843 648 940 728 atque
969 644 1104 708 sacculis
1133 666 1221 726 prae-

42 750 251 815 tereuntibus
270 751 375 835 magis
394 752 561 836 magisque
584 755 635 816 est
657 754 826 834 amputata
853 754 1007 835 corrupta
1030 750 1222 833 adulterata,

44 862 81 920 ut
113 857 158 921 fit
186 858 222 920 in
254 858 346 921 libris
379 857 564 922 scholarum
597 859 670 921 usui
702 853 988 943 inservientibus¹)
1019 878 1122 941 neque
1155 860 1222 921 tam

44 965 207 1028 sermonis
241 968 311 1029 arte
344 965 527 1049 conspicuis
560 964 763 1049 acceptisque
797 986 895 1048 quam
931 963 1095 1029 doctrinae
1129 964 1223 1047 copia

43 1093 218 1156 rerumque
242 1069 441 1159 varietate.⁵)

120 1288 149 1354 1)
169 1284 288 1354 Propria
307 1283 361 1339 sibi
379 1301 452 1353 quae
470 1283 558 1339 habet
574 1285 699 1340 recensio
717 1286 814 1341 Athoa
831 1301 922 1354 neque
940 1284 1054 1339 aliunde
1072 1285 1142 1339 nota
1160 1300 1223 1338 cum

48 1390 115 1427 cura
137 1373 299 1444 composuit
320 1375 349 1429 et
371 1374 533 1429 inlustravit
551 1374 696 1430 Nauckius
718 1376 737 1429 l.
756 1394 776 1433 s.
792 1394 812 1429 s.
829 1393 856 1445 p.
874 1380 1023 1440 ece-380,
1045 1389 1135 1442 neque
1154 1372 1224 1426 mihi

47 1463 131 1516 etiam
143 1463 230 1531 atque
246 1461 333 1517 etiam
347 1464 399 1517 has
410 1464 588 1532 quaestiones
598 1465 735 1519 tractanti
750 1482 822 1533 quae
833 1463 881 1518 ille
895 1463 1116 1535 praetermiserit
1130 1479 1224 1517 occur-

46 1556 144 1606 rerunt
158 1551 213 1606 nisi
228 1552 406 1621 paucissima.
430 1554 471 1607 Ex
486 1554 586 1622 quibus
603 1552 678 1608 haud
692 1554 750 1607 scio
765 1571 801 1607 au
814 1552 886 1607 nihil
901 1553 937 1607 sit
952 1552 1102 1623 pretiosius
1116 1552 1223 1621 quaml

47 1648 79 1696 23
89 1644 160 1696 οὐδὲ
173 1642 239 1710 τρία
252 1648 309 1697 τῶν
319 1644 485 1710 (τηοχὸρου
500 1644 652 1707 γινώεκειει
667 1658 722 1711 quo
736 1642 798 1696 loco
813 1642 964 1711 diligenter
978 1642 1117 1711 explicato
1132 1642 1224 1696 conla-

50 1734 137 1800 toque
153 1748 218 1785 cum
233 1731 370 1787 similibus
383 1732 491 1785 nullum
506 1733 619 1786 omniuo
634 1748 695 1787 esse
713 1732 910 1802 argumentum
927 1732 1084 1801 intelleges,
1103 1748 1152 1785 cur
1169 1731 1225 1801 pri-

49 1839 124 1875 mum
141 1822 335 1876 Stesichorum
348 1820 557 1876 trichotomiam
574 1837 659 1888 quam
678 1818 775 1873 dicunt
788 1818 943 1874 instituisse
958 1820 1103 1875 credamus
1117 1819 1174 1873 iam
1188 1820 1238 1875 ab,

50 1911 188 1965 Alcmana
207 1914 240 1965 ut
257 1910 369 1967 videtur
387 1909 544 1965 adhibitam
564 1910 593 1964 in
607 1910 759 1965 Parthenio
777 1909 827 1963 illo
847 1908 968 1963 carmine
983 1908 1016 1964 fr.
1032 1907 1129 1963 231Π4
1148 1927 1174 1979 p.
1190 1914 1224 1962 23

50 2017 106 2068 sqq.
121 1999 197 2071 ng.
213 2000 249 2054 ab
265 2000 401 2055 Ahrensio
416 1998 556 2069 sagaciter
570 1999 713 2068 discripto.
751 1996 900 2052 Praeterea
915 2013 988 2051 nova
1002 1998 1142 2066 quaedam
1161 2015 1225 2067 pro·

50 2088 146 2143 verbia
169 2089 263 2143 adhuc
286 2087 384 2159 ignota
408 2087 580 2143 Nauckianis
603 2107 629 2158 p.
654 2094 707 2143 375
731 2088 873 2155 addenda,
902 2086 981 2142 velut
1003 2088 1164 2153 ἐμβάλλεται
1187 2087 1225 2141 εἰ(

49 2179 150 2244 κὺλλην
168 2177 196 2231 ΙΙ
215 2184 263 2246 37,
291 2184 377 2232 κεῖται
399 2180 429 2231 δ’
452 2179 468 2231 ὁ
486 2179 599 2245 τλήμων
621 2177 647 2230 ΙΙ
665 2182 701 2231 48
724 2179 809 2245 atque
834 2193 905 2245 quae
928 2195 956 2246 p.
975 2181 1009 2230 89
1034 2177 1224 2231 tractavimus

51 2265 87 2318 ΠΙ
106 2272 161 2321 145
181 2271 242 2322 147.

119 2357 149 2424 2)
169 2355 438 2411 Luculentissimum
455 2358 616 2427 exemplum
632 2356 721 2411 habes
733 2355 1005 2411 Pseudodositheum
1019 2357 1065 2426 (ci.
1082 2357 1117 2411 da
1132 2356 1226 2411 Babrii

56 2446 147 2499 aetate
170 2444 278 2514 ‘Leipa
298 2445 389 2501 aeuo!
409 2446 435 2499 ll
454 2465 481 2517 p.
501 2452 553 2501 238
573 2447 658 2516 sqq),
684 2445 793 2513 dequo
813 2444 964 2516 diligenter
981 2462 1070 2515 nuper
1088 2462 1225 2501 commen-

53 2536 125 2587 tatus
146 2537 193 2588 est
211 2525 454 2590 carcassona
476 2536 505 2589 in
528 2535 625 2590 libello
648 2535 696 2603 qui
715 2536 875 2590 inscribitur
899 2536 945 2590 ‘de
964 2535 1108 2590 codicibus
1127 2535 1226 2602 quibus

54 2623 304 2694 interpretamenta
321 2623 598 2680 Pseudodositheana
615 2624 697 2678 nobis
715 2625 823 2679 tradita
841 2625 916 2678 sunt'
937 2623 1075 2693 (Monach.
1097 2625 1185 2691 1883).

121 2716 151 2782 3)
171 2713 213 2767 Cf.
232 2711 430 2768 Wilamowita.
453 2715 631 2784 ‘Antigonos'
650 2733 678 2784 p.
699 2720 741 2771 l'l.
