2925 5050
680 284 918 349 ‚100..

214 446 255 510 29
286 445 398 528 76,18;
421 443 517 528 Diog.
536 443 586 507 ΠΙ
605 444 649 509 24
672 443 734 524 ἀφ’
756 444 883 524 ὑψηλοῦ
903 464 963 521 μου
987 446 1164 526 καταγελᾷ(
1184 472 1227 494 --
1247 440 1329 506 Aes,
1349 440 1388 504 H.

216 552 291 637 1353
314 550 340 615 Ρ
359 551 410 616 ΠΙ
428 552 471 615 48
491 552 526 615 ἐκ
545 552 643 616 λύκου
663 552 827 631 (τόματοτ,
851 552 906 615 ubi
924 552 995 635 ipse
1019 550 1110 614 addit
1126 548 1154 613 B
1174 550 1241 614 404
1264 548 1389 629 εἴρηται

213 661 252 723 δὲ
280 658 355 723 ἀπὸ
383 664 450 724 τού
479 659 597 737 μύθου
630 663 696 723 τοῦ
724 659 840 723 λύκου
870 660 931 723 καὶ
958 662 1024 721 τοῦ
1052 657 1221 736 γεράνου
1245 688 1285 709 =
1315 657 1390 719 Aes.

211 764 251 830 H.
275 765 356 845 276,
378 763 476 830 Babr.
499 766 556 848 943
584 764 610 828 Ρ
632 764 683 829 ΠΙ
707 766 750 830 52
775 766 819 830 εἰ(
843 765 947 843 πάγαι
971 765 989 828 ὁ
1013 766 1121 843 λύκοι,
1154 764 1239 849 quod
1263 763 1390 847 optime

212 874 367 938 inlustrat
388 871 528 937 Babrius
551 872 703 938 Vaticani
726 874 747 937 9
773 904 816 926 =
844 873 907 937 130
932 872 1032 936 Gitlb.
1056 871 1264 937 Ruthcrford.
1313 870 1391 935 Pro-

211 982 322 1046 verbia
351 975 449 1046 huius
483 980 609 1065 generis
641 980 784 1064 recipere
819 1002 936 1065 operae
969 980 1110 1063 pretium
1139 1002 1205 1043 non
1238 978 1392 1043 videntur

210 1090 364 1154 habuisse
398 1086 530 1153 Zenobii
568 1092 717 1153 auctores
750 1088 814 1153 nisi
854 1110 934 1172 quae
972 1090 1142 1170 poetarum
1180 1086 1389 1169 antiquorum

210 1196 409 1262 testimoniis
429 1182 780 1280 commendabamus)
824 1194 910 1260 Nam
934 1193 974 1258 ad
997 1193 1124 1258 fabulas
1149 1193 1333 1276 spectantia
1357 1192 1391 1253 in

215 1305 366 1369 universa
384 1301 486 1367 Athoi
505 1302 669 1387 farragine
692 1325 758 1368 non
781 1302 926 1367 invenies
949 1302 1013 1366 nisi
1037 1302 1099 1366 duo
1124 1300 1241 1380 ἄρκτου
1265 1301 1389 1379 παρού-

213 1432 265 1490 cqc
288 1410 362 1489 ἴχνη
387 1412 427 1488 μὴ
451 1410 536 1488 ζήτει
549 1406 599 1473 ΠΙ
616 1410 678 1474 132
697 1432 736 1474 er
754 1406 951 1492 Bacchylide
969 1409 1109 1491 petitum
1125 1404 1179 1495 (cf.
1190 1407 1228 1471 P.
1243 1408 1292 1471 ΙΠ
1311 1408 1390 1491 132)

212 1549 255 1572 =
265 1516 363 1581 Babr.
373 1517 417 1581 92
432 1511 465 1579 ct
474 1519 557 1601 γαλῇ
573 1516 722 1595 χιτώνιον
737 1514 1042 1580 IH139Strattidis
1058 1516 1244 1582 testimonio
1259 1516 1390 1599 insigne

212 1623 266 1710 (cf.
285 1623 320 1690 P.
338 1623 371 1689 Π
386 1622 444 1710 93)
464 1654 506 1676 =
525 1622 622 1689 Babr.
642 1620 726 1711 32²),
746 1645 942 1708 quamquam
961 1622 1223 1688 narratiunculae
1245 1622 1321 1686 illae
1342 1620 1391 1685 fa‘

211 1731 306 1796 bulae
321 1730 487 1815 Aesopeae
501 1754 542 1796 ne
557 1731 621 1796 <lici
638 1731 767 1815 quidem
787 1736 938 1816 possunt;
954 1734 1050 1814 atque
1065 1731 1168 1795 sicubi
1183 1731 1224 1794 ab
1240 1729 1389 1795 animali·

212 1840 272 1904 bus
286 1838 495 1924 proverbium
508 1839 675 1922 repetitur,
692 1860 759 1903 non
773 1838 987 1921 respiciuntur
1000 1838 1064 1922 ipsi
1084 1860 1189 1903 mores
1209 1842 1328 1902 natura
1344 1836 1389 1899 eis

212 1947 302 2011 insiti
331 1947 443 2030 quales
472 1944 595 2011 fabulis
623 1946 863 2028 describuntur,
891 1946 946 2010 sed
972 1945 1141 2012 hominum
1170 1945 1270 2009 mirae
1293 1966 1390 2029 quae-

211 2055 286 2119 dam
310 2054 479 2137 opiniones
503 2056 654 2137 certaque
677 2053 830 2119 instituta
858 2055 891 2115 et
918 2053 1180 2137 consuetudines,
1208 2053 1247 2117 cf.
1269 2052 1311 2116 M.
1338 2051 1388 2115 ΠΙ

213 2162 275 2226 101
301 2160 469 2226 Ἀκάνθιος
492 2163 601 2239 τέττιξ,
624 2158 675 2224 ΠΙ
696 2160 759 2224 172
788 2159 832 2224 40
855 2159 944 2239 ἀφύα
967 2165 1044 2239 πῦρ,
1068 2159 1083 2223 l
1107 2161 1149 2225 31
1175 2164 1251 2240 βοῦτ
1275 2161 1387 2240 ἐπέβη,

212 2270 228 2335 Ι
253 2270 293 2334 11
320 2273 395 2350 βούτ
419 2270 564 2349 ἕβδομοι,
587 2266 619 2330 Π
638 2268 681 2332 82
707 2272 782 2348 βούτ
807 2268 951 2347 Κύπριοτ,
975 2266 1007 2331 II
1033 2265 1096 2331 105
1121 2272 1196 2347 βοῦτ
1215 2268 1234 2331 ὁ
1255 2270 1383 2333 Μολοτ-

210 2380 286 2455 τῶν,
309 2374 405 2440 1112
428 2377 527 2453 γλαὺξ
547 2376 592 2441 εἰ(
611 2374 744 2454 Ἀθήνα(
768 2375 821 2439 all.
862 2374 933 2451 Quo
956 2374 988 2437 iu
1013 2395 1129 2459 genere
1152 2374 1291 2438 maxime
1314 2396 1384 2438 me-

216 2483 375 2550 morabile
394 2483 482 2568 illud,
502 2481 586 2568 quod
603 2482 730 2564 fabulae
744 2483 974 2568 protopocc'stoe
991 2482 1090 2564 υοίροο
1108 2482 1199 2564 lupia
1213 2482 1257 2548 leo
1270 2482 1379 2565 aquila

212 2618 232 2658 a
247 2593 364 2677 quibus
378 2590 622 2674 proverbiorum
642 2590 840 2655 recensionis
856 2591 1007 2675 volgatae
1021 2589 1163 2674 plurima
1181 2593 1383 2673 repetuntur,

210 2722 250 2765 nc
267 2703 544 2764 commemorantur
556 2699 682 2780 ,quidem
700 2699 736 2762 irc
754 2693 905 2783 Athona
944 2695 1094 2762 Ceterum
1112 2696 1193 2762 haec
1211 2697 1383 2782 proverbia
1449 2715 1450 2778 ι

215 2807 294 2872 licet
316 2806 474 2872 nonnulla
492 2805 596 2870 bonae
616 2805 683 2868 sint
702 2803 907 2888 antiquitatis
927 2805 1102 2869 maximam
1126 2808 1236 2869 tamen
1260 2810 1384 2888 partem
1449 2789 1450 2812 ³

215 2919 317 2980 artem
342 2913 473 2999 sapiunt
494 2912 702 2994 sopbrstorum
723 2913 945 2976 recentiorum:
969 2913 1123 2996 aquibus
1141 2913 1383 3003 proverbiorum
1449 2945 1450 2998 l

213 3043 294 3106 quae
318 3019 416 3104 volgo
440 3019 591 3084 dicuntur
617 3019 704 3084 haud
728 3042 830 3103 pauca
853 3019 999 3105 profecta
1027 3043 1097 3085 esse
1123 3024 1156 3084 et
1179 3042 1218 3083 ex
1241 3020 1382 3103 ipsorum
1449 3001 1450 3008 ¹

212 3129 341 3212 scriptis
360 3127 455 3192 facilc
479 3127 622 3212 conligas
642 3130 675 3191 et
698 3149 737 3191 ex
759 3128 899 3192 notabili
917 3127 1083 3192 Eustathii
1102 3127 1322 3210 disputatione
1345 3125 1383 3190 ad

214 3233 272 3298 Od.
287 3256 297 3298 ι
316 3233 381 3300 285
396 3232 613 3320 p.1927,5⁴)‚
631 3233 666 3298 in
681 3256 745 3318 qua
759 3258 845 3300 nova
859 3232 1056 3318 ‘proverbia'
1075 3233 1233 3317 quomodo
1249 3232 1383 3298 inveniri
1449 3225 1450 3300 l

213 3378 426 3388 *-

287 3447 313 3513 1)
332 3445 429 3514 Neque
452 3445 482 3500 id
505 3432 620 3515 mirum,
646 3445 669 3499 si
698 3445 811 3514 quidem
836 3445 974 3515 Didymus
997 3461 1053 3500 non
1078 3445 1251 3502 conlecturos
1274 3446 1383 3500 videtur

212 3533 298 3587 fuisse
317 3534 467 3603 proverbia
484 3553 568 3603 quam
588 3534 717 3606 plurima,
738 3535 786 3588 sed
805 3535 997 3605 disputaturus
1017 3535 1051 3590 de
1071 3534 1178 3606 origine
1196 3534 1381 3590 difficiliorum

213 3624 299 3691 atque
318 3622 522 3693 interpretandi
539 3625 657 3681 rationo.

285 3714 312 3781 2)
332 3711 373 3768 cf.
392 3731 464 3782 quae
483 3714 687 3786 disputavimus
707 3711 811 3785 ‘Leipn
833 3714 923 3769 stud!
944 3713 969 3766 Π
987 3732 1015 3784 p.
1031 3718 1090 3768 213.
1123 3712 1164 3768 De
1182 3719 1217 3768 48
1236 3714 1270 3768 cf.
1285 3731 1347 3784 app.
1362 3714 1381 3766 Ι.

286 3804 313 3871 3)
330 3800 455 3873 Excepto
474 3802 487 3854 I
506 3808 539 3858 87
557 3805 643 3859 λύκου
661 3804 763 3872 πτερά·
782 3805 826 3857 ἐπὶ
844 3807 903 3857 τῶν
923 3803 1071 3857 ἀδυνάτων
1086 3807 1151 3873 κτλ,
1172 3804 1219 3858 sed
1237 3804 1315 3859 vides
1332 3819 1381 3873 pro

213 3890 280 3960 lupo
299 3890 455 3959 quamlibet
474 3892 531 3947 fere
549 3892 670 3948 bestiam
688 3892 821 3947 substitui
838 3909 921 3962 posse
939 3909 990 3946 nec
1010 3909 1101 3948 mores
1120 3894 1178 3948 eius
1192 3893 1300 3962 respici,
1320 3909 1380 3946 cum

212 3980 242 4034 in
260 3981 439 4050 volgatorum
463 3981 591 4036 codicum
610 3981 765 4052 proverbiis
789 3981 900 4036 easdem
925 3985 1019 4051 partes
1039 3985 1108 4054 agat
1126 3984 1209 4052 atque
1226 3983 1255 4036 in
1273 3980 1380 4036 fabulis.

283 4074 312 4140 4)
330 4071 419 4125 Nota:
438 4072 493 4138 ἔχει
513 4073 543 4125 δὲ
557 4075 602 4125 καὶ
616 4073 705 4127 ἄλλοι(
719 4073 736 4125 ὁ
750 4073 816 4126 καθ’
835 4073 884 4126 ἕνα
898 4072 932 4140 (2³)
947 4077 1005 4126 τῶν
1020 4075 1085 4127 κατ’
1100 4075 1249 4141 ἄνθρωπον
1266 4089 1381 4140 παροι-

214 4159 289 4225 plue
316 4166 427 4214 ποιεῖν
456 4162 486 4215 ἐν
513 4167 554 4232 τῷ
578 4163 711 4229 ὁρμᾶιθαι
738 4163 825 4215 ποθὲν
855 4161 950 4216 beibur
970 4203 976 4216 .
999 4203 1005 4215 .
1029 4183 1047 4228 .;
1077 4163 1229 4230 sequuntur
1256 4159 1382 4230 e'xcmpla

214 4250 350 4317 (notanda
368 4251 517 4319 παροιμίαν
540 4252 699 4318 ὑποκλέψας
722 4251 826 4306 ἐκεῖθεν
851 4292 856 4302 .
881 4291 887 4302 .
912 4293 932 4320 .,
956 4251 1086 4318 ὁρμηθεὶς
1105 4253 1135 4306 ἐκ
1157 4251 1242 4320 sim),
1267 4265 1381 4318 qnorum

213 4355 299 4392 unum
319 4341 426 4408 φόρτος
440 4340 590 4394 Αἰτώπειοτ
608 4339 751 4409 ceteroqui
771 4339 883 4397 omnino
901 4339 1030 4408 ignotum
1045 4358 1062 4395 a
1077 4339 1244 4396 scholastica
1262 4339 1381 4408 quadam

213 4424 319 4481 fabella
337 4430 481 4500 repetitur.
