<?xml version="1.0" encoding="UTF-8"?>
<!DOCTYPE html PUBLIC "-//W3C//DTD XHTML 1.0 Transitional//EN"
    "http://www.w3.org/TR/xhtml1/DTD/xhtml1-transitional.dtd">
<html xmlns="http://www.w3.org/1999/xhtml" xml:lang="en" lang="en">
 <head>
  <title>
</title>
<meta http-equiv="Content-Type" content="text/html;charset=utf-8" />
  <meta name='ocr-system' content='tesseract 3.04.00' />
  <meta name='ocr-capabilities' content='ocr_page ocr_carea ocr_par ocr_line ocrx_word'/>
</head>
<body>
  <div class='ocr_page' id='page_1' title='image "./analectacritica00demogoog_0011.png"; bbox 0 0 2925 5050; ppageno 0'>
   <div class='ocr_carea' id='block_1_1' title="bbox 546 1385 720 1484">
    <p class='ocr_par' dir='ltr' id='par_1_1' title="bbox 546 1385 720 1484">
     <span class='ocr_line' id='line_1_1' title="bbox 546 1385 720 1484; baseline -0.011 -22"><span class='ocrx_word' id='word_1_1' title='bbox 546 1385 667 1484; x_wconf 71' lang='lat' dir='ltr'>Caput</span> <span class='ocrx_word' id='word_1_2' title='bbox 693 1387 720 1460; x_wconf 90' lang='lat' dir='ltr'>I.</span> 
     </span>
    </p>
   </div>
   <div class='ocr_carea' id='block_1_2' title="bbox 353 1566 954 1659">
    <p class='ocr_par' dir='ltr' id='par_1_2' title="bbox 353 1566 954 1659">
     <span class='ocr_line' id='line_1_2' title="bbox 353 1566 954 1659; baseline -0.008 -18"><span class='ocrx_word' id='word_1_3' title='bbox 353 1571 556 1659; x_wconf 66' lang='lat' dir='ltr'>conspectus</span> <span class='ocrx_word' id='word_1_4' title='bbox 585 1568 737 1640; x_wconf 84' lang='lat' dir='ltr'>celicum</span> <span class='ocrx_word' id='word_1_5' title='bbox 763 1566 910 1638; x_wconf 82' lang='lat' dir='ltr'>zenobii.</span> <span class='ocrx_word' id='word_1_6' title='bbox 952 1572 954 1576; x_wconf 84' lang='grc'><strong>’</strong></span> 
     </span>
    </p>
   </div>
   <div class='ocr_carea' id='block_1_3' title="bbox 59 1735 1218 3529">
    <p class='ocr_par' dir='ltr' id='par_1_3' title="bbox 59 1735 1218 2573">
     <span class='ocr_line' id='line_1_3' title="bbox 134 1735 1216 1828; baseline -0.005 -22"><span class='ocrx_word' id='word_1_7' title='bbox 134 1745 153 1821; x_wconf 65' lang='grc' dir='ltr'>ἓ</span> <span class='ocrx_word' id='word_1_8' title='bbox 184 1744 212 1806; x_wconf 95' lang='grc'>1.</span> <span class='ocrx_word' id='word_1_9' title='bbox 244 1752 378 1808; x_wconf 83' lang='lat' dir='ltr'>Atheus</span> <span class='ocrx_word' id='word_1_10' title='bbox 404 1751 527 1808; x_wconf 81' lang='lat' dir='ltr'>Milleri</span> <span class='ocrx_word' id='word_1_11' title='bbox 555 1739 617 1828; x_wconf 82' lang='lat' dir='ltr'>(M)</span> <span class='ocrx_word' id='word_1_12' title='bbox 644 1754 680 1807; x_wconf 87' lang='lat' dir='ltr'>et</span> <span class='ocrx_word' id='word_1_13' title='bbox 706 1748 956 1806; x_wconf 66' lang='lat' dir='ltr'><strong>Laurentianus</strong></span> <span class='ocrx_word' id='word_1_14' title='bbox 978 1745 1129 1803; x_wconf 78' lang='lat' dir='ltr'>Fresenil</span> <span class='ocrx_word' id='word_1_15' title='bbox 1151 1735 1216 1824; x_wconf 80' lang='lat' dir='ltr'>(L).</span> 
     </span>
     <span class='ocr_line' id='line_1_4' title="bbox 59 1843 1217 1934; baseline 0 -26"><span class='ocrx_word' id='word_1_16' title='bbox 59 1844 120 1912; x_wconf 85' lang='lat' dir='ltr'>Duo</span> <span class='ocrx_word' id='word_1_17' title='bbox 142 1849 204 1912; x_wconf 88' lang='lat' dir='ltr'>viri</span> <span class='ocrx_word' id='word_1_18' title='bbox 224 1848 457 1934; x_wconf 83' lang='lat' dir='ltr'>Gottingenses</span> <span class='ocrx_word' id='word_1_19' title='bbox 476 1871 549 1914; x_wconf 92' lang='lat' dir='ltr'>cum</span> <span class='ocrx_word' id='word_1_20' title='bbox 569 1870 653 1912; x_wconf 87' lang='lat' dir='ltr'>anno</span> <span class='ocrx_word' id='word_1_21' title='bbox 672 1849 704 1915; x_wconf 91' lang='lat' dir='ltr'>h.</span> <span class='ocrx_word' id='word_1_22' title='bbox 723 1871 748 1913; x_wconf 88' lang='lat' dir='ltr'>s.</span> <span class='ocrx_word' id='word_1_23' title='bbox 766 1845 915 1911; x_wconf 86' lang='lat' dir='ltr'>XXXIX.</span> <span class='ocrx_word' id='word_1_24' title='bbox 934 1845 1098 1930; x_wconf 75' lang='lat' dir='ltr'>epitomen</span> <span class='ocrx_word' id='word_1_25' title='bbox 1119 1843 1217 1908; x_wconf 56' lang='lat' dir='ltr'>Zeno*</span> 
     </span>
     <span class='ocr_line' id='line_1_5' title="bbox 59 1951 1216 2038; baseline 0.001 -24"><span class='ocrx_word' id='word_1_26' title='bbox 59 1951 176 2017; x_wconf 86' lang='lat' dir='ltr'>bianam</span> <span class='ocrx_word' id='word_1_27' title='bbox 197 1955 337 2038; x_wconf 83' lang='lat' dir='ltr'>ederent,</span> <span class='ocrx_word' id='word_1_28' title='bbox 355 1977 422 2019; x_wconf 91' lang='lat' dir='ltr'>non</span> <span class='ocrx_word' id='word_1_29' title='bbox 439 1955 491 2018; x_wconf 90' lang='lat' dir='ltr'>usi</span> <span class='ocrx_word' id='word_1_30' title='bbox 510 1958 586 2018; x_wconf 91' lang='lat' dir='ltr'>sunt</span> <span class='ocrx_word' id='word_1_31' title='bbox 599 1954 663 2019; x_wconf 90' lang='lat' dir='ltr'>nisi</span> <span class='ocrx_word' id='word_1_32' title='bbox 677 1954 842 2019; x_wconf 77' lang='lat' dir='ltr'>codicibus</span> <span class='ocrx_word' id='word_1_33' title='bbox 856 1951 1029 2037; x_wconf 83' lang='lat' dir='ltr'>proverbia</span> <span class='ocrx_word' id='word_1_34' title='bbox 1042 1952 1216 2017; x_wconf 89' lang='lat' dir='ltr'>secundum</span> 
     </span>
     <span class='ocr_line' id='line_1_6' title="bbox 60 2057 1216 2146; baseline 0.003 -28"><span class='ocrx_word' id='word_1_35' title='bbox 60 2057 171 2126; x_wconf 76' lang='lat' dir='ltr'>litteras</span> <span class='ocrx_word' id='word_1_36' title='bbox 195 2061 357 2146; x_wconf 84' lang='lat' dir='ltr'>disposita</span> <span class='ocrx_word' id='word_1_37' title='bbox 381 2061 617 2127; x_wconf 86' lang='lat' dir='ltr'>exhibentibus.</span> <span class='ocrx_word' id='word_1_38' title='bbox 662 2060 776 2145; x_wconf 88' lang='lat' dir='ltr'>Neque</span> <span class='ocrx_word' id='word_1_39' title='bbox 800 2060 878 2146; x_wconf 90' lang='lat' dir='ltr'>quin</span> <span class='ocrx_word' id='word_1_40' title='bbox 900 2059 953 2123; x_wconf 88' lang='lat' dir='ltr'>hio</span> <span class='ocrx_word' id='word_1_41' title='bbox 977 2059 1056 2124; x_wconf 93' lang='lat' dir='ltr'>ordo</span> <span class='ocrx_word' id='word_1_42' title='bbox 1080 2058 1216 2144; x_wconf 87' lang='lat' dir='ltr'>abipso</span> 
     </span>
     <span class='ocr_line' id='line_1_7' title="bbox 60 2163 1217 2252; baseline 0.002 -26"><span class='ocrx_word' id='word_1_43' title='bbox 60 2163 184 2233; x_wconf 89' lang='lat' dir='ltr'>Zenobio</span> <span class='ocrx_word' id='word_1_44' title='bbox 209 2168 381 2234; x_wconf 87' lang='lat' dir='ltr'>institutus</span> <span class='ocrx_word' id='word_1_45' title='bbox 405 2169 449 2232; x_wconf 85' lang='lat' dir='ltr'>sit</span> <span class='ocrx_word' id='word_1_46' title='bbox 468 2169 707 2250; x_wconf 84' lang='lat' dir='ltr'>dubitaverunt,</span> <span class='ocrx_word' id='word_1_47' title='bbox 732 2190 930 2252; x_wconf 91' lang='lat' dir='ltr'>quamquam</span> <span class='ocrx_word' id='word_1_48' title='bbox 953 2163 1052 2230; x_wconf 83' lang='lat' dir='ltr'>Suida</span> <span class='ocrx_word' id='word_1_49' title='bbox 1074 2169 1159 2229; x_wconf 89' lang='lat' dir='ltr'>teste</span> <span class='ocrx_word' id='word_1_50' title='bbox 1181 2165 1217 2228; x_wconf 94' lang='lat' dir='ltr'>in</span> 
     </span>
     <span class='ocr_line' id='line_1_8' title="bbox 60 2271 1218 2362; baseline 0.003 -31"><span class='ocrx_word' id='word_1_51' title='bbox 60 2272 115 2334; x_wconf 88' lang='lat' dir='ltr'>tres</span> <span class='ocrx_word' id='word_1_52' title='bbox 128 2274 228 2339; x_wconf 90' lang='lat' dir='ltr'>libros</span> <span class='ocrx_word' id='word_1_53' title='bbox 244 2298 325 2359; x_wconf 91' lang='lat' dir='ltr'>opus</span> <span class='ocrx_word' id='word_1_54' title='bbox 340 2298 435 2339; x_wconf 89' lang='lat' dir='ltr'>suum</span> <span class='ocrx_word' id='word_1_55' title='bbox 449 2275 505 2339; x_wconf 91' lang='lat' dir='ltr'>ille</span> <span class='ocrx_word' id='word_1_56' title='bbox 520 2273 671 2362; x_wconf 55' lang='lat' dir='ltr'>divisim)</span> <span class='ocrx_word' id='word_1_57' title='bbox 691 2274 785 2340; x_wconf 86' lang='lat' dir='ltr'>Unde</span> <span class='ocrx_word' id='word_1_58' title='bbox 798 2274 962 2360; x_wconf 86' lang='lat' dir='ltr'>profectus</span> <span class='ocrx_word' id='word_1_59' title='bbox 973 2274 1038 2337; x_wconf 88' lang='lat' dir='ltr'>iam</span> <span class='ocrx_word' id='word_1_60' title='bbox 1047 2271 1089 2338; x_wconf 90' lang='lat' dir='ltr'>H.</span> <span class='ocrx_word' id='word_1_61' title='bbox 1096 2271 1218 2336; x_wconf 90' lang='lat' dir='ltr'>Weber</span> 
     </span>
     <span class='ocr_line' id='line_1_9' title="bbox 60 2374 1216 2466; baseline 0.003 -28"><span class='ocrx_word' id='word_1_62' title='bbox 60 2374 161 2443; x_wconf 88' lang='lat' dir='ltr'>Philol.</span> <span class='ocrx_word' id='word_1_63' title='bbox 190 2381 295 2466; x_wconf 88' lang='lat' dir='ltr'>suppl.</span> <span class='ocrx_word' id='word_1_64' title='bbox 318 2381 367 2445; x_wconf 92' lang='grc' dir='ltr'>ΙΠ</span> <span class='ocrx_word' id='word_1_65' title='bbox 389 2405 421 2466; x_wconf 91' lang='lat' dir='ltr'>p.</span> <span class='ocrx_word' id='word_1_66' title='bbox 444 2382 508 2446; x_wconf 82' lang='lat'>556</span> <span class='ocrx_word' id='word_1_67' title='bbox 537 2381 647 2465; x_wconf 87' lang='lat' dir='ltr'>copias</span> <span class='ocrx_word' id='word_1_68' title='bbox 672 2382 874 2447; x_wconf 87' lang='lat' dir='ltr'>Zenobianas</span> <span class='ocrx_word' id='word_1_69' title='bbox 899 2404 918 2445; x_wconf 87' lang='lat' dir='ltr'>a</span> <span class='ocrx_word' id='word_1_70' title='bbox 942 2380 1146 2445; x_wconf 88' lang='lat' dir='ltr'>diasceuasta</span> <span class='ocrx_word' id='word_1_71' title='bbox 1168 2400 1216 2442; x_wconf 92' lang='lat' dir='ltr'>re-</span> 
     </span>
     <span class='ocr_line' id='line_1_10' title="bbox 62 2484 1051 2573; baseline 0.008 -27"><span class='ocrx_word' id='word_1_72' title='bbox 62 2484 184 2569; x_wconf 87' lang='lat' dir='ltr'>scriptas</span> <span class='ocrx_word' id='word_1_73' title='bbox 208 2493 241 2553; x_wconf 90' lang='lat' dir='ltr'>et</span> <span class='ocrx_word' id='word_1_74' title='bbox 263 2489 480 2554; x_wconf 79' lang='lat' dir='ltr'>recentiorum</span> <span class='ocrx_word' id='word_1_75' title='bbox 499 2511 589 2555; x_wconf 90' lang='lat' dir='ltr'>more</span> <span class='ocrx_word' id='word_1_76' title='bbox 613 2489 789 2573; x_wconf 88' lang='lat' dir='ltr'>dispositas</span> <span class='ocrx_word' id='word_1_77' title='bbox 813 2510 883 2553; x_wconf 86' lang='lat' dir='ltr'>esse</span> <span class='ocrx_word' id='word_1_78' title='bbox 906 2488 1051 2554; x_wconf 89' lang='lat' dir='ltr'>coniecit.</span> 
     </span>
    </p>

    <p class='ocr_par' dir='ltr' id='par_1_4' title="bbox 61 2590 1218 3000">
     <span class='ocr_line' id='line_1_11' title="bbox 135 2590 1217 2677; baseline -0.002 -20"><span class='ocrx_word' id='word_1_79' title='bbox 135 2590 196 2657; x_wconf 80' lang='lat' dir='ltr'>Sed</span> <span class='ocrx_word' id='word_1_80' title='bbox 222 2595 290 2659; x_wconf 87' lang='lat' dir='ltr'>iam</span> <span class='ocrx_word' id='word_1_81' title='bbox 314 2595 401 2659; x_wconf 89' lang='lat' dir='ltr'>aliud</span> <span class='ocrx_word' id='word_1_82' title='bbox 428 2595 675 2660; x_wconf 87' lang='lat' dir='ltr'>fundamentum</span> <span class='ocrx_word' id='word_1_83' title='bbox 702 2596 825 2661; x_wconf 89' lang='lat' dir='ltr'>iactum</span> <span class='ocrx_word' id='word_1_84' title='bbox 853 2598 903 2660; x_wconf 90' lang='lat' dir='ltr'>est</span> <span class='ocrx_word' id='word_1_85' title='bbox 932 2595 1007 2659; x_wconf 86' lang='lat' dir='ltr'>huie</span> <span class='ocrx_word' id='word_1_86' title='bbox 1035 2592 1217 2677; x_wconf 88' lang='lat' dir='ltr'>quaestioni</span> 
     </span>
     <span class='ocr_line' id='line_1_12' title="bbox 61 2680 1217 2787; baseline 0.004 -29"><span class='ocrx_word' id='word_1_87' title='bbox 61 2716 131 2762; x_wconf 81' lang='lat' dir='ltr'>nova</span> <span class='ocrx_word' id='word_1_88' title='bbox 153 2701 294 2785; x_wconf 87' lang='lat' dir='ltr'>quadam</span> <span class='ocrx_word' id='word_1_89' title='bbox 312 2701 446 2767; x_wconf 87' lang='lat' dir='ltr'>Zenobii</span> <span class='ocrx_word' id='word_1_90' title='bbox 469 2703 654 2769; x_wconf 88' lang='lat' dir='ltr'>recensione</span> <span class='ocrx_word' id='word_1_91' title='bbox 677 2707 817 2787; x_wconf 82' lang='lat' dir='ltr'>reperta,</span> <span class='ocrx_word' id='word_1_92' title='bbox 840 2680 938 2785; x_wconf 80' lang='lat' dir='ltr'>quam</span> <span class='ocrx_word' id='word_1_93' title='bbox 960 2702 1085 2786; x_wconf 89' lang='lat' dir='ltr'>primus</span> <span class='ocrx_word' id='word_1_94' title='bbox 1107 2699 1217 2764; x_wconf 88' lang='lat' dir='ltr'>Miller</span> 
     </span>
     <span class='ocr_line' id='line_1_13' title="bbox 63 2807 1218 2894; baseline 0.001 -25"><span class='ocrx_word' id='word_1_95' title='bbox 63 2823 93 2865; x_wconf 82' lang='lat' dir='ltr'>ex</span> <span class='ocrx_word' id='word_1_96' title='bbox 117 2809 223 2893; x_wconf 90' lang='lat' dir='ltr'>amplo</span> <span class='ocrx_word' id='word_1_97' title='bbox 250 2808 309 2873; x_wconf 93' lang='lat' dir='ltr'>illo</span> <span class='ocrx_word' id='word_1_98' title='bbox 338 2809 446 2873; x_wconf 89' lang='lat' dir='ltr'>codice</span> <span class='ocrx_word' id='word_1_99' title='bbox 470 2808 581 2875; x_wconf 88' lang='lat' dir='ltr'>Athoo</span> <span class='ocrx_word' id='word_1_100' title='bbox 610 2813 796 2894; x_wconf 82' lang='lat' dir='ltr'>excerptam</span> <span class='ocrx_word' id='word_1_101' title='bbox 822 2808 945 2893; x_wconf 91' lang='lat' dir='ltr'>publici</span> <span class='ocrx_word' id='word_1_102' title='bbox 972 2808 1052 2871; x_wconf 87' lang='lat' dir='ltr'>iuris</span> <span class='ocrx_word' id='word_1_103' title='bbox 1078 2807 1156 2872; x_wconf 86' lang='lat' dir='ltr'>fecit</span> <span class='ocrx_word' id='word_1_104' title='bbox 1183 2807 1218 2870; x_wconf 94' lang='lat' dir='ltr'>in</span> 
     </span>
     <span class='ocr_line' id='line_1_14' title="bbox 62 2905 808 3000; baseline 0.012 -29"><span class='ocrx_word' id='word_1_105' title='bbox 62 2905 262 2979; x_wconf 85' lang='lat' dir='ltr'>Miscellaneie</span> <span class='ocrx_word' id='word_1_106' title='bbox 287 2938 314 2980; x_wconf 89' lang='lat' dir='ltr'>a.</span> <span class='ocrx_word' id='word_1_107' title='bbox 341 2916 425 2981; x_wconf 88' lang='grc'>1868</span> <span class='ocrx_word' id='word_1_108' title='bbox 450 2916 546 2980; x_wconf 84' lang='lat' dir='ltr'>editis</span> <span class='ocrx_word' id='word_1_109' title='bbox 568 2939 600 3000; x_wconf 90' lang='lat' dir='ltr'>p.</span> <span class='ocrx_word' id='word_1_110' title='bbox 622 2917 808 2981; x_wconf 84' lang='lat'>341-384.</span> 
     </span>
    </p>

    <p class='ocr_par' dir='ltr' id='par_1_5' title="bbox 62 3018 1217 3529">
     <span class='ocr_line' id='line_1_15' title="bbox 63 3018 1217 3107; baseline -0.001 -23"><span class='ocrx_word' id='word_1_111' title='bbox 63 3085 66 3093; x_wconf 79' lang='grc'><em>,</em></span> <span class='ocrx_word' id='word_1_112' title='bbox 136 3018 288 3085; x_wconf 76' lang='lat' dir='ltr'>Continet</span> <span class='ocrx_word' id='word_1_113' title='bbox 315 3022 450 3107; x_wconf 76' lang='lat' dir='ltr'>Atheos,</span> <span class='ocrx_word' id='word_1_114' title='bbox 484 3023 521 3086; x_wconf 92' lang='lat' dir='ltr'>de</span> <span class='ocrx_word' id='word_1_115' title='bbox 555 3045 618 3107; x_wconf 88' lang='lat' dir='ltr'>quo</span> <span class='ocrx_word' id='word_1_116' title='bbox 646 3024 785 3089; x_wconf 85' lang='lat' dir='ltr'>videnda</span> <span class='ocrx_word' id='word_1_117' title='bbox 818 3045 900 3106; x_wconf 89' lang='lat' dir='ltr'>quae</span> <span class='ocrx_word' id='word_1_118' title='bbox 927 3021 1034 3086; x_wconf 89' lang='lat' dir='ltr'>Miller</span> <span class='ocrx_word' id='word_1_119' title='bbox 1067 3020 1217 3106; x_wconf 87' lang='lat' dir='ltr'>exposuit</span> 
     </span>
     <span class='ocr_line' id='line_1_16' title="bbox 62 3119 1216 3215; baseline 0 -24"><span class='ocrx_word' id='word_1_120' title='bbox 62 3119 77 3183; x_wconf 85' lang='lat' dir='ltr'>l·</span> <span class='ocrx_word' id='word_1_121' title='bbox 93 3144 114 3187; x_wconf 82' lang='lat' dir='ltr'>s.</span> <span class='ocrx_word' id='word_1_122' title='bbox 131 3148 152 3192; x_wconf 86' lang='lat' dir='ltr'>s.</span> <span class='ocrx_word' id='word_1_123' title='bbox 170 3152 201 3213; x_wconf 90' lang='lat' dir='ltr'>p.</span> <span class='ocrx_word' id='word_1_124' title='bbox 216 3129 280 3193; x_wconf 87' lang='grc'>341</span> <span class='ocrx_word' id='word_1_125' title='bbox 302 3152 370 3212; x_wconf 90' lang='lat' dir='ltr'>sqq.</span> <span class='ocrx_word' id='word_1_126' title='bbox 390 3133 422 3193; x_wconf 89' lang='lat' dir='ltr'>et</span> <span class='ocrx_word' id='word_1_127' title='bbox 441 3130 526 3215; x_wconf 87' lang='lat' dir='ltr'>apud</span> <span class='ocrx_word' id='word_1_128' title='bbox 544 3129 734 3196; x_wconf 81' lang='lat' dir='ltr'>Fresenium</span> <span class='ocrx_word' id='word_1_129' title='bbox 755 3129 805 3194; x_wconf 79' lang='lat' dir='ltr'>‘de</span> <span class='ocrx_word' id='word_1_130' title='bbox 824 3132 944 3196; x_wconf 84' lang='grc' dir='ltr'>λέξεων</span> <span class='ocrx_word' id='word_1_131' title='bbox 963 3128 1131 3209; x_wconf 84' lang='lat' dir='ltr'>Aristoph.</span> <span class='ocrx_word' id='word_1_132' title='bbox 1151 3148 1216 3192; x_wconf 87' lang='lat' dir='ltr'>exo.</span> 
     </span>
     <span class='ocr_line' id='line_1_17' title="bbox 63 3222 1217 3321; baseline 0.004 -28"><span class='ocrx_word' id='word_1_133' title='bbox 63 3222 192 3309; x_wconf 83' lang='lat' dir='ltr'>Byzant&#39;</span> <span class='ocrx_word' id='word_1_134' title='bbox 220 3259 252 3319; x_wconf 90' lang='lat' dir='ltr'>p.</span> <span class='ocrx_word' id='word_1_135' title='bbox 279 3237 321 3300; x_wconf 88' lang='grc'>46</span> <span class='ocrx_word' id='word_1_136' title='bbox 351 3258 433 3320; x_wconf 84' lang='lat' dir='ltr'>sqq,</span> <span class='ocrx_word' id='word_1_137' title='bbox 460 3236 566 3321; x_wconf 90' lang='lat' dir='ltr'>primo</span> <span class='ocrx_word' id='word_1_138' title='bbox 594 3237 666 3301; x_wconf 91' lang='lat' dir='ltr'>loco</span> <span class='ocrx_word' id='word_1_139' title='bbox 700 3238 856 3321; x_wconf 86' lang='lat' dir='ltr'>opuscula</span> <span class='ocrx_word' id='word_1_140' title='bbox 882 3236 974 3301; x_wconf 83' lang='lat' dir='ltr'>varia</span> <span class='ocrx_word' id='word_1_141' title='bbox 1005 3238 1038 3299; x_wconf 94' lang='lat' dir='ltr'>et</span> <span class='ocrx_word' id='word_1_142' title='bbox 1066 3238 1217 3318; x_wconf 86' lang='lat' dir='ltr'>excerpta</span> 
     </span>
     <span class='ocr_line' id='line_1_18' title="bbox 64 3334 1216 3429; baseline 0.008 -32"><span class='ocrx_word' id='word_1_143' title='bbox 64 3334 254 3417; x_wconf 79' lang='lat' dir='ltr'>glossematis</span> <span class='ocrx_word' id='word_1_144' title='bbox 273 3346 306 3405; x_wconf 90' lang='lat' dir='ltr'>et</span> <span class='ocrx_word' id='word_1_145' title='bbox 324 3343 411 3407; x_wconf 87' lang='lat' dir='ltr'>notis</span> <span class='ocrx_word' id='word_1_146' title='bbox 431 3342 667 3429; x_wconf 78' lang='lat' dir='ltr'>marginalibus</span> <span class='ocrx_word' id='word_1_147' title='bbox 686 3344 856 3427; x_wconf 80' lang='lat' dir='ltr'>instructa,</span> <span class='ocrx_word' id='word_1_148' title='bbox 879 3365 918 3406; x_wconf 89' lang='lat' dir='ltr'>ex</span> <span class='ocrx_word' id='word_1_149' title='bbox 937 3342 1053 3426; x_wconf 90' lang='lat' dir='ltr'>quibus</span> <span class='ocrx_word' id='word_1_150' title='bbox 1071 3341 1216 3406; x_wconf 89' lang='lat' dir='ltr'>notanda</span> 
     </span>
     <span class='ocr_line' id='line_1_19' title="bbox 65 3440 1215 3529; baseline 0.009 -26"><span class='ocrx_word' id='word_1_151' title='bbox 65 3440 193 3513; x_wconf 67' lang='grc' dir='ltr'>Κάτωνος</span> <span class='ocrx_word' id='word_1_152' title='bbox 228 3450 434 3529; x_wconf 86' lang='grc' dir='ltr'>παραινετικὰ</span> <span class='ocrx_word' id='word_1_153' title='bbox 468 3452 699 3529; x_wconf 86' lang='grc' dir='ltr'>μετενεχθέντα</span> <span class='ocrx_word' id='word_1_154' title='bbox 727 3500 734 3513; x_wconf 93' lang='grc'><strong>.</strong></span> <span class='ocrx_word' id='word_1_155' title='bbox 763 3500 770 3513; x_wconf 95' lang='grc'><strong>.</strong></span> <span class='ocrx_word' id='word_1_156' title='bbox 799 3498 806 3514; x_wconf 94' lang='grc'><strong>.</strong></span> <span class='ocrx_word' id='word_1_157' title='bbox 839 3451 926 3529; x_wconf 86' lang='grc' dir='ltr'>παρὰ</span> <span class='ocrx_word' id='word_1_158' title='bbox 952 3500 958 3513; x_wconf 94' lang='grc'><strong><em>.</em></strong></span> <span class='ocrx_word' id='word_1_159' title='bbox 985 3500 992 3513; x_wconf 93' lang='grc'><strong>.</strong></span> <span class='ocrx_word' id='word_1_160' title='bbox 1018 3497 1025 3513; x_wconf 95' lang='grc'><strong>.</strong></span> <span class='ocrx_word' id='word_1_161' title='bbox 1067 3449 1215 3529; x_wconf 83' lang='grc' dir='ltr'>Μαξίμου</span> 
     </span>
    </p>
   </div>
   <div class='ocr_carea' id='block_1_4' title="bbox 65 3562 257 3583">
    <p class='ocr_par' dir='ltr' id='par_1_6' title="bbox 65 3562 257 3583">
     <span class='ocr_line' id='line_1_20' title="bbox 65 3562 257 3583; baseline -0.005 1"><span class='ocrx_word' id='word_1_162' title='bbox 65 3562 257 3583; x_wconf 36' lang='grc' dir='ltr'>Ὢ</span> 
     </span>
    </p>
   </div>
   <div class='ocr_carea' id='block_1_5' title="bbox 66 3622 1216 4497">
    <p class='ocr_par' dir='ltr' id='par_1_7' title="bbox 66 3622 1216 4497">
     <span class='ocr_line' id='line_1_21' title="bbox 122 3622 1215 3695; baseline 0.004 -21"><span class='ocrx_word' id='word_1_163' title='bbox 122 3622 146 3689; x_wconf 94' lang='grc'>1)</span> <span class='ocrx_word' id='word_1_164' title='bbox 163 3622 238 3681; x_wconf 82' lang='lat' dir='ltr'>Suid.</span> <span class='ocrx_word' id='word_1_165' title='bbox 258 3642 279 3679; x_wconf 92' lang='lat' dir='ltr'>s.</span> <span class='ocrx_word' id='word_1_166' title='bbox 298 3642 324 3679; x_wconf 87' lang='lat' dir='ltr'>v.</span> <span class='ocrx_word' id='word_1_167' title='bbox 343 3625 509 3692; x_wconf 79' lang='grc' dir='ltr'>Ζηνόβιοε</span> <span class='ocrx_word' id='word_1_168' title='bbox 527 3627 663 3695; x_wconf 77' lang='grc' dir='ltr'>(οφιετήε,</span> <span class='ocrx_word' id='word_1_169' title='bbox 681 3626 828 3681; x_wconf 78' lang='grc' dir='ltr'>παιδεὺεα(</span> <span class='ocrx_word' id='word_1_170' title='bbox 847 3625 877 3678; x_wconf 80' lang='grc' dir='ltr'>ἐν</span> <span class='ocrx_word' id='word_1_171' title='bbox 897 3625 988 3693; x_wconf 85' lang='grc' dir='ltr'>Ῥώμῃ</span> <span class='ocrx_word' id='word_1_172' title='bbox 1008 3625 1052 3677; x_wconf 78' lang='grc' dir='ltr'>ἐπὶ</span> <span class='ocrx_word' id='word_1_173' title='bbox 1070 3624 1215 3691; x_wconf 79' lang='grc' dir='ltr'>Ἀδριανοῦ</span> 
     </span>
     <span class='ocr_line' id='line_1_22' title="bbox 66 3702 1216 3782; baseline 0.007 -25"><span class='ocrx_word' id='word_1_174' title='bbox 66 3702 186 3781; x_wconf 78' lang='grc' dir='ltr'>Καίιαροε,</span> <span class='ocrx_word' id='word_1_175' title='bbox 215 3714 337 3781; x_wconf 87' lang='grc' dir='ltr'>ἔγραψεν</span> <span class='ocrx_word' id='word_1_176' title='bbox 365 3714 499 3780; x_wconf 79' lang='grc' dir='ltr'>ἐπιτομὴν</span> <span class='ocrx_word' id='word_1_177' title='bbox 527 3719 585 3768; x_wconf 84' lang='grc' dir='ltr'>τῶν</span> <span class='ocrx_word' id='word_1_178' title='bbox 612 3720 768 3782; x_wconf 84' lang='grc' dir='ltr'>παροιμιῶν</span> <span class='ocrx_word' id='word_1_179' title='bbox 792 3715 918 3779; x_wconf 85' lang='grc' dir='ltr'>Διδύμου</span> <span class='ocrx_word' id='word_1_180' title='bbox 947 3714 992 3766; x_wconf 87' lang='grc' dir='ltr'>καὶ</span> <span class='ocrx_word' id='word_1_181' title='bbox 1016 3711 1157 3779; x_wconf 77' lang='grc' dir='ltr'>Ταρραίου</span> <span class='ocrx_word' id='word_1_182' title='bbox 1185 3713 1216 3766; x_wconf 87' lang='grc' dir='ltr'>ἑν</span> 
     </span>
     <span class='ocr_line' id='line_1_23' title="bbox 66 3794 1215 3872; baseline 0 -17"><span class='ocrx_word' id='word_1_183' title='bbox 66 3794 156 3858; x_wconf 66' lang='lat' dir='ltr'>bilior</span> <span class='ocrx_word' id='word_1_184' title='bbox 171 3798 205 3871; x_wconf 83' lang='grc' dir='ltr'>γ’,</span> <span class='ocrx_word' id='word_1_185' title='bbox 230 3804 399 3870; x_wconf 81' lang='grc' dir='ltr'>μετάφραειν</span> <span class='ocrx_word' id='word_1_186' title='bbox 423 3805 556 3870; x_wconf 79' lang='grc' dir='ltr'>ἑλληνιετὶ</span> <span class='ocrx_word' id='word_1_187' title='bbox 579 3809 637 3858; x_wconf 84' lang='grc' dir='ltr'>τῶν</span> <span class='ocrx_word' id='word_1_188' title='bbox 657 3804 783 3872; x_wconf 77' lang='grc' dir='ltr'>ἱετοριῶν</span> <span class='ocrx_word' id='word_1_189' title='bbox 802 3802 967 3857; x_wconf 79' lang='grc' dir='ltr'>(αλουετίου</span> <span class='ocrx_word' id='word_1_190' title='bbox 990 3806 1041 3855; x_wconf 79' lang='grc' dir='ltr'>τοῦ</span> <span class='ocrx_word' id='word_1_191' title='bbox 1061 3802 1215 3868; x_wconf 81' lang='grc' dir='ltr'>Ῥωμαϊκοῦ</span> 
     </span>
     <span class='ocr_line' id='line_1_24' title="bbox 66 3876 1216 3960; baseline 0.003 -20"><span class='ocrx_word' id='word_1_192' title='bbox 66 3876 179 3949; x_wconf 67' lang='grc' dir='ltr'>ἱίτορικοῦ</span> <span class='ocrx_word' id='word_1_193' title='bbox 207 3892 252 3944; x_wconf 85' lang='grc' dir='ltr'>καί</span> <span class='ocrx_word' id='word_1_194' title='bbox 274 3896 333 3945; x_wconf 85' lang='grc' dir='ltr'>τῶν</span> <span class='ocrx_word' id='word_1_195' title='bbox 358 3893 538 3957; x_wconf 85' lang='grc' dir='ltr'>καλουμένων</span> <span class='ocrx_word' id='word_1_196' title='bbox 564 3894 652 3946; x_wconf 83' lang='grc' dir='ltr'>αὐτοῦ</span> <span class='ocrx_word' id='word_1_197' title='bbox 677 3897 777 3960; x_wconf 81' lang='grc' dir='ltr'>βελῶν,</span> <span class='ocrx_word' id='word_1_198' title='bbox 802 3892 979 3957; x_wconf 87' lang='grc' dir='ltr'>γενεθλιακὸν</span> <span class='ocrx_word' id='word_1_199' title='bbox 1007 3890 1044 3944; x_wconf 82' lang='grc' dir='ltr'>εἰ(</span> <span class='ocrx_word' id='word_1_200' title='bbox 1072 3890 1216 3958; x_wconf 86' lang='grc' dir='ltr'>Ἀδριανὸν</span> 
     </span>
     <span class='ocr_line' id='line_1_25' title="bbox 69 3966 1216 4050; baseline 0.013 -30"><span class='ocrx_word' id='word_1_201' title='bbox 69 3966 173 4045; x_wconf 77' lang='grc' dir='ltr'>Καλιαρα,</span> <span class='ocrx_word' id='word_1_202' title='bbox 193 3980 237 4032; x_wconf 88' lang='grc' dir='ltr'>καὶ</span> <span class='ocrx_word' id='word_1_203' title='bbox 257 3980 333 4034; x_wconf 87' lang='grc' dir='ltr'>ἄλλα.</span> <span class='ocrx_word' id='word_1_204' title='bbox 369 3979 523 4035; x_wconf 85' lang='lat' dir='ltr'>Fluxerunt</span> <span class='ocrx_word' id='word_1_205' title='bbox 540 3981 611 4035; x_wconf 86' lang='lat' dir='ltr'>haec</span> <span class='ocrx_word' id='word_1_206' title='bbox 630 3997 664 4035; x_wconf 87' lang='lat' dir='ltr'>cx</span> <span class='ocrx_word' id='word_1_207' title='bbox 683 3980 787 4035; x_wconf 86' lang='lat' dir='ltr'>celebri</span> <span class='ocrx_word' id='word_1_208' title='bbox 806 3981 934 4036; x_wconf 69' lang='grc' dir='ltr'>Ρλιῖοιιιζι</span> <span class='ocrx_word' id='word_1_209' title='bbox 951 3980 1049 4050; x_wconf 76' lang='lat' dir='ltr'>prb&#39;s&#39;</span> <span class='ocrx_word' id='word_1_210' title='bbox 1066 3996 1151 4049; x_wconf 87' lang='lat' dir='ltr'>opere</span> <span class='ocrx_word' id='word_1_211' title='bbox 1169 3979 1216 4048; x_wconf 81' lang='lat' dir='ltr'>(cl.</span> 
     </span>
     <span class='ocr_line' id='line_1_26' title="bbox 67 4053 1216 4152; baseline 0.005 -36"><span class='ocrx_word' id='word_1_212' title='bbox 67 4053 139 4152; x_wconf 76' lang='lat' dir='ltr'>¹Daub,</span> <span class='ocrx_word' id='word_1_213' title='bbox 155 4066 188 4121; x_wconf 82' lang='lat' dir='ltr'>de</span> <span class='ocrx_word' id='word_1_214' title='bbox 203 4067 306 4122; x_wconf 86' lang='lat' dir='ltr'>Suidae</span> <span class='ocrx_word' id='word_1_215' title='bbox 320 4067 467 4139; x_wconf 81' lang='lat' dir='ltr'>biograph.</span> <span class='ocrx_word' id='word_1_216' title='bbox 482 4088 509 4139; x_wconf 90' lang='lat' dir='ltr'>p.</span> <span class='ocrx_word' id='word_1_217' title='bbox 525 4070 579 4139; x_wconf 83' lang='grc'>36).</span> <span class='ocrx_word' id='word_1_218' title='bbox 607 4067 684 4133; x_wconf 80' lang='lat' dir='ltr'>Quae</span> <span class='ocrx_word' id='word_1_219' title='bbox 698 4070 858 4126; x_wconf 85' lang='lat' dir='ltr'>observatio</span> <span class='ocrx_word' id='word_1_220' title='bbox 878 4069 995 4125; x_wconf 83' lang='lat' dir='ltr'>alieuius</span> <span class='ocrx_word' id='word_1_221' title='bbox 1014 4068 1068 4124; x_wconf 87' lang='lat' dir='ltr'>erit</span> <span class='ocrx_word' id='word_1_222' title='bbox 1080 4068 1216 4125; x_wconf 82' lang='lat' dir='ltr'>momenti</span> 
     </span>
     <span class='ocr_line' id='line_1_27' title="bbox 68 4147 1215 4238; baseline 0.005 -32"><span class='ocrx_word' id='word_1_223' title='bbox 68 4159 89 4238; x_wconf 50' lang='grc' dir='ltr'>λλ</span> <span class='ocrx_word' id='word_1_224' title='bbox 104 4147 200 4210; x_wconf 78' lang='lat' dir='ltr'>difficili</span> <span class='ocrx_word' id='word_1_225' title='bbox 217 4156 270 4211; x_wconf 80' lang='lat' dir='ltr'>illa</span> <span class='ocrx_word' id='word_1_226' title='bbox 288 4158 453 4227; x_wconf 84' lang='lat' dir='ltr'>quaestione</span> <span class='ocrx_word' id='word_1_227' title='bbox 472 4175 558 4227; x_wconf 88' lang='lat' dir='ltr'>quam</span> <span class='ocrx_word' id='word_1_228' title='bbox 578 4158 613 4213; x_wconf 90' lang='lat' dir='ltr'>de</span> <span class='ocrx_word' id='word_1_229' title='bbox 635 4158 772 4227; x_wconf 83' lang='lat' dir='ltr'>Stephani</span> <span class='ocrx_word' id='word_1_230' title='bbox 786 4158 917 4228; x_wconf 81' lang='lat' dir='ltr'>Byzantii</span> <span class='ocrx_word' id='word_1_231' title='bbox 936 4158 1089 4229; x_wconf 86' lang='lat' dir='ltr'>proverbiis</span> <span class='ocrx_word' id='word_1_232' title='bbox 1107 4158 1215 4228; x_wconf 86' lang='lat' dir='ltr'>primus</span> 
     </span>
     <span class='ocr_line' id='line_1_28' title="bbox 68 4236 1215 4330; baseline 0.009 -37"><span class='ocrx_word' id='word_1_233' title='bbox 68 4236 169 4330; x_wconf 72' lang='lat' dir='ltr'>nstituit</span> <span class='ocrx_word' id='word_1_234' title='bbox 177 4245 388 4303; x_wconf 82' lang='lat' dir='ltr'>Wamlxrossius</span> <span class='ocrx_word' id='word_1_235' title='bbox 398 4246 432 4302; x_wconf 90' lang='lat' dir='ltr'>de</span> <span class='ocrx_word' id='word_1_236' title='bbox 442 4247 630 4318; x_wconf 84' lang='lat' dir='ltr'>paroemiogr.</span> <span class='ocrx_word' id='word_1_237' title='bbox 650 4246 820 4318; x_wconf 68' lang='lat' dir='ltr'>(Gryphium.</span> <span class='ocrx_word' id='word_1_238' title='bbox 832 4250 912 4319; x_wconf 82' lang='lat'>1881)</span> <span class='ocrx_word' id='word_1_239' title='bbox 922 4268 950 4318; x_wconf 90' lang='lat' dir='ltr'>p.</span> <span class='ocrx_word' id='word_1_240' title='bbox 961 4255 1003 4316; x_wconf 84' lang='lat'>30,</span> <span class='ocrx_word' id='word_1_241' title='bbox 1014 4265 1077 4304; x_wconf 89' lang='lat' dir='ltr'>cum</span> <span class='ocrx_word' id='word_1_242' title='bbox 1087 4264 1154 4303; x_wconf 84' lang='lat' dir='ltr'>eura</span> <span class='ocrx_word' id='word_1_243' title='bbox 1162 4264 1215 4303; x_wconf 86' lang='lat' dir='ltr'>nec</span> 
     </span>
     <span class='ocr_line' id='line_1_29' title="bbox 69 4332 1215 4407; baseline 0.009 -24"><span class='ocrx_word' id='word_1_244' title='bbox 69 4338 113 4379; x_wconf 57' lang='lat' dir='ltr'>*mc</span> <span class='ocrx_word' id='word_1_245' title='bbox 124 4332 226 4400; x_wconf 87' lang='lat' dir='ltr'>optimo</span> <span class='ocrx_word' id='word_1_246' title='bbox 239 4338 341 4391; x_wconf 85' lang='lat' dir='ltr'>eventu</span> <span class='ocrx_word' id='word_1_247' title='bbox 355 4336 520 4393; x_wconf 84' lang='lat' dir='ltr'>retractavit</span> <span class='ocrx_word' id='word_1_248' title='bbox 529 4336 707 4407; x_wconf 80' lang='lat' dir='ltr'>Iungblutius</span> <span class='ocrx_word' id='word_1_249' title='bbox 722 4337 879 4406; x_wconf 86' lang='lat' dir='ltr'>quaestion.</span> <span class='ocrx_word' id='word_1_250' title='bbox 890 4338 924 4392; x_wconf 88' lang='lat' dir='ltr'>de</span> <span class='ocrx_word' id='word_1_251' title='bbox 938 4337 1125 4407; x_wconf 79' lang='lat' dir='ltr'>paroemiogr.</span> <span class='ocrx_word' id='word_1_252' title='bbox 1140 4337 1215 4407; x_wconf 87' lang='lat' dir='ltr'>(Hal.</span> 
     </span>
     <span class='ocr_line' id='line_1_30' title="bbox 70 4406 930 4497; baseline 0.008 -23"><span class='ocrx_word' id='word_1_253' title='bbox 70 4406 116 4470; x_wconf 71' lang='lat' dir='ltr'>lu.</span> <span class='ocrx_word' id='word_1_254' title='bbox 134 4424 206 4492; x_wconf 76' lang='lat'>1882)</span> <span class='ocrx_word' id='word_1_255' title='bbox 225 4442 252 4493; x_wconf 84' lang='lat' dir='ltr'>p.</span> <span class='ocrx_word' id='word_1_256' title='bbox 273 4430 386 4480; x_wconf 75' lang='grc' dir='ltr'>ιιι-οι.</span> <span class='ocrx_word' id='word_1_257' title='bbox 422 4424 486 4479; x_wconf 77' lang='lat' dir='ltr'>Utri</span> <span class='ocrx_word' id='word_1_258' title='bbox 504 4426 600 4482; x_wconf 78' lang='lat' dir='ltr'>faveat</span> <span class='ocrx_word' id='word_1_259' title='bbox 616 4426 740 4495; x_wconf 80' lang='lat' dir='ltr'>peritum</span> <span class='ocrx_word' id='word_1_260' title='bbox 758 4442 814 4480; x_wconf 84' lang='lat' dir='ltr'>non</span> <span class='ocrx_word' id='word_1_261' title='bbox 831 4427 930 4497; x_wconf 77' lang='lat' dir='ltr'>fugiet.</span> 
     </span>
    </p>
   </div>
   <div class='ocr_carea' id='block_1_6' title="bbox 109 4522 1000 4583">
    <p class='ocr_par' dir='ltr' id='par_1_8' title="bbox 109 4522 1000 4583">
     <span class='ocr_line' id='line_1_31' title="bbox 109 4522 1000 4583; baseline 0.002 -16"><span class='ocrx_word' id='word_1_262' title='bbox 109 4523 211 4583; x_wconf 76' lang='lat' dir='ltr'>Casurus,</span> <span class='ocrx_word' id='word_1_263' title='bbox 227 4530 347 4575; x_wconf 75' lang='lat' dir='ltr'>Analecta.</span> <span class='ocrx_word' id='word_1_264' title='bbox 987 4522 1000 4569; x_wconf 93' lang='grc'>1</span> 
     </span>
    </p>
   </div>
   <div class='ocr_carea' id='block_1_7' title="bbox 0 0 1480 5050">
    <p class='ocr_par' dir='ltr' id='par_1_9' title="bbox 0 0 1480 5050">
     <span class='ocr_line' id='line_1_32' title="bbox 0 0 1480 5050; baseline 0 0"><span class='ocrx_word' id='word_1_265' title='bbox 0 0 1480 5050; x_wconf 95' lang='lat' dir='ltr'> </span> 
     </span>
    </p>
   </div>
  </div>
 </body>
</html>
