2925 5050
512 319 726 384 ..31..

44 477 216 565 servavir.1)
263 477 314 542 Ex
346 479 455 544 codice
487 479 583 544 huius
616 480 729 544 classis
759 480 897 570 servatis
930 480 1076 564 pleniore
1106 480 1206 546 etiam

43 582 229 670 Diogeniani
252 608 334 671 quae
358 585 475 651 dicitur
498 587 655 652 conlectio
679 587 807 671 pendet,
831 587 920 652 ouius
944 587 1014 652 fata
1038 610 1208 652 cumauro

43 693 179 778 persequi
203 715 289 758 mmo
311 715 378 758 non
401 698 451 758 est
474 694 509 758 in
532 694 650 759 animo.

119 855 137 932 ᾗ
167 853 197 916 3.
237 861 453 920 scorialensis
482 863 624 920 Grauxii
652 853 703 940 (S)
733 867 769 919 et
795 864 920 921 Aldina
946 866 999 922 ed
1023 879 1052 922 a.
1075 865 1152 920 MD
1167 867 1207 923 V.

44 956 192 1026 Subsidiis
232 961 327 1026 modo
366 961 534 1026 recensitis
570 963 755 1046 nuperrime
788 963 1050 1046 supplementum
1082 962 1207 1026 addidit
1294 948 1296 953 ⁵

44 1063 167 1130 Carolus
192 1065 317 1152 Graux,
346 1067 402 1151 qui
430 1090 515 1132 anno
541 1069 684 1133 larcin
707 1057 880 1132 annalibus
905 1067 960 1152 qui
983 1067 1206 1134 inscribuntur

44 1169 144 1244 ‘revue
162 1173 203 1237 de
226 1171 418 1257 philologie'
446 1175 509 1239 rol.
533 1173 567 1237 ΙΙ
589 1198 621 1259 p.
644 1173 819 1238 ala-2237
844 1195 883 1236 ex
906 1173 1105 1238 conlectione
1128 1197 1206 1240 non-

44 1277 109 1341 dum
131 1279 229 1362 edita,
252 1283 289 1342 ut
313 1280 473 1363 credebat,
496 1281 614 1348 codicis
635 1278 846 1344 Soorialensis
866 1280 948 1364 plut.
967 1278 1139 1346 ί-Ι-80
1154 1280 1205 1367 (S)

44 1385 224 1470 plusquam
250 1384 367 1472 12002)
390 1388 564 1471 proverbia
587 1387 773 1452 continente
797 1385 866 1471 (fol.
884 1385 1054 1472 44-114)
1078 1387 1205 1471 copiam

44 1489 117 1554 haud
145 1493 298 1579 exiguam
326 1497 383 1558 aut
405 1493 603 1559 ineditorum
626 1498 683 1558 aut
706 1494 749 1558 ab
773 1493 868 1557 editis
891 1494 966 1577 plus
989 1494 1137 1559 minusve
1161 1495 1206 1558 di-

45 1589 200 1662 versorum
223 1599 345 1684 publici
369 1599 448 1664 iuris
473 1599 557 1666 fecit.
604 1598 733 1685 Scripta
752 1603 829 1664 sunt
846 1599 1019 1683 proverbia
1042 1601 1206 1684 usquead

47 1701 91 1765 lol.
110 1703 150 1770 57
171 1713 206 1770 νΟ
224 1729 283 1790 per
301 1709 406 1770 totam
425 1707 594 1792 paginam,
618 1706 732 1772 deinde
750 1707 832 1770 binis
855 1727 935 1790 quas
960 1704 1070 1769 dicunt
1093 1707 1204 1770 colam-

44 1810 93 1874 αα.
132 1810 259 1877 Titulus
283 1813 319 1878 in
345 1813 451 1898 operis
475 1813 583 1877 fronte
607 1813 727 1898 legitur
750 1812 817 1877 hic:
842 1813 1016 1891 (υναγωγὴ
1036 1805 1101 1876 τῶν
1120 1814 1201 1892 Ταρ-

44 1916 124 1991 puicu
140 1920 191 1982 καὶ
207 1921 352 2000 Διδύμοα
367 1923 419 1985 καὶ
433 1925 500 1984 τῶν
517 1921 604 1999 παρὰ
619 1921 724 2003 (ούδᾳ
738 1916 829 2006 (sict)
844 1921 894 1984 καὶ
910 1918 1023 1984 ἄλλον(
1038 1909 1213 2000 osaqdporc'

44 2029 210 2103 παροιμιῶν
253 2031 459 2093 curtracum
501 2027 581 2092 κατὰ
623 2033 789 2106 ετοιχεῖον.
855 2025 948 2092 Unde
994 2026 1203 2111 consequitur

44 2133 161 2209 praeter
185 2131 317 2198 Suidam
342 2134 397 2218 qui
421 2138 454 2198 et
476 2133 546 2218 ipse
571 2133 711 2199 Zenobio
737 2156 814 2211 usus
838 2136 898 2215 est,
922 2133 1084 2216 epitomen
1107 2132 1205 2197 Zeno·
1236 2147 1251 2173 ·

45 2234 164 2302 hisnem
198 2239 391 2324 primarium
429 2241 649 2305 diasceuastae
683 2238 897 2306 Scorialensis
933 2239 1034 2306 fuisse
1070 2240 1206 2304 fontem.

47 2341 84 2404 do
109 2343 203 2408 facile
232 2347 423 2430 perspicies,
451 2346 651 2412 Zenobianos
682 2346 785 2410 libros
819 2346 859 2411 ad
887 2369 1020 2411 manum
1048 2347 1078 2410 ei
1105 2345 1206 2410 fuisse

46 2447 128 2535 duos,
156 2452 294 2516 alterum
323 2453 498 2518 seeundum
521 2453 706 2518 litterarum
730 2453 876 2518 ordinem
900 2453 1094 2537 dispositum
1117 2453 1205 2517 Pari-

19 2562 20 2565 ’
46 2554 141 2620 sinum
162 2560 214 2623 vel
240 2560 442 2625 simillimum
465 2562 524 2645 illi,
548 2561 688 2625 alterum
711 2561 829 2645 prioris
854 2562 968 2627 classis
987 2560 1205 2625 Laurentiano

46 2684 132 2745 quam
156 2664 263 2731 Athoo
288 2667 489 2733 similiorem:
517 2670 557 2733 af.
577 2668 686 2733 Graux
704 2691 736 2751 p.
751 2669 824 2751 220,
848 2666 1055 2733 Warnkross.
1073 2691 1103 2751 p.
1119 2668 1205 2751 6sq.,

46 2766 195 2855 lungblut.
219 2796 249 2856 p.
273 2772 388 2861 3sq.3)
435 2774 496 2839 Sed
520 2775 645 2853 labore,
674 2778 710 2837 ut
732 2774 803 2859 ipse
825 2773 962 2858 fatetur,
989 2774 1087 2839 nimis
1115 2774 1205 2839 fasti·

47 2876 126 2941 diosc
149 2902 165 2943 e
188 2879 306 2944 codicis
330 2878 352 2943 S
376 2880 501 2965 ingenti
529 2882 613 2944 mole
637 2881 774 2965 paucula
797 2880 854 2944 illa
877 2882 983 2947 bonae
1005 2882 1109 2967 frugis
1134 2882 1204 2945 seli-

50 3019 247 3031 Ἢ

110 3110 134 3177 1)
152 3107 191 3163 Cf.
212 3109 394 3194 Schmidtp.
409 3116 434 3179 J,
454 3109 598 3179 Iungbluti
615 3111 727 3165 tabulas
746 3129 773 3180 p.
790 3118 876 3182 seqq.
892 3114 921 3166 et
938 3115 1034 3167 nostra
1051 3112 1125 3168 inira
1143 3127 1206 3180 cap.

49 3191 119 3251 1113.
156 3194 331 3265 Quamquam
354 3198 378 3251 si
397 3196 431 3251 de
449 3196 658 3267 proverbiorum
682 3197 780 3254 ordine
804 3198 979 3255 recensiones
998 3200 1064 3255 illae
1082 3199 1157 3255 inter
1175 3216 1205 3253 se

48 3298 93 3335 non
111 3287 276 3355 congruunt,
302 3287 355 3339 hoc
375 3284 536 3357 saepissime
556 3303 588 3340 eo
607 3286 783 3357 factumest,
803 3287 877 3357 quod
895 3288 1044 3356 proverbia
1062 3288 1091 3341 in
1109 3288 1204 3342 arebe-
1291 3326 1294 3329 ψ

48 3373 106 3441 typo
128 3375 168 3429 bis
192 3376 240 3430 vel
262 3377 305 3428 ter
333 3374 437 3445 scripta
461 3375 633 3445 diversisque
657 3376 725 3431 locis
749 3376 827 3431 aliud
850 3376 886 3431 ab
910 3377 968 3431 alio
989 3380 1104 3445 recepta
1128 3379 1208 3431 sune·

49 3460 76 3515 ef.
92 3479 147 3533 cap.
165 3464 211 3519 Ill.
324 3507 327 3514 .

108 3554 133 3620 ῖ)
151 3552 190 3607 cf.
210 3553 319 3623 lungbl.
338 3572 364 3623 p.
384 3561 400 3609 3
419 3556 475 3609 not.
702 3622 705 3627 ¹

108 3644 132 3708 3)
149 3640 239 3696 Nimis
267 3642 347 3697 cante
371 3642 465 3699 Graux
490 3660 542 3698 nos
568 3642 676 3699 nescire
703 3644 859 3712 contendit,
887 3643 1009 3701 fueritne
1036 3645 1126 3701 codex
1157 3646 1205 3701 ille

49 3727 218 3785 Laurentiano
242 3730 354 3801 similis,
378 3733 450 3788 unde
475 3732 657 3787 Scorialenais
682 3733 757 3787 bona
778 3749 843 3802 pars
866 3732 958 3804 fluxit,
983 3735 1082 3789 eodem
1106 3735 1202 3789 ordine

50 3816 182 3887 dispositus
205 3822 289 3889 atque
307 3818 380 3888 ML3
412 3838 478 3876 nam
502 3820 604 3875 mirum
623 3838 684 3875 esse
703 3838 868 3876 consensum
888 3840 951 3877 cum
971 3821 992 3874 L
1010 3822 1040 3877 in
1059 3825 1141 3878 rebus
1161 3825 1206 3878 vel

50 3906 226 3965 minutissimis
249 3910 320 3965 bene
346 3910 549 3967 demonstravit
567 3911 697 3966 Warnkr.
717 3911 736 3967 l.
756 3930 778 3965 s.
798 3930 819 3966 s.
857 3912 1033 3981 Quamquam
1057 3912 1127 3967 haec
1151 3928 1206 3965 non

53 3998 102 4049 erat
117 4014 197 4053 causa
215 4016 264 4053 cur
281 3998 372 4055 virum
391 4000 603 4056 celeberrimum
618 4000 712 4071 gravis
726 4000 826 4055 erroris
841 4003 979 4071 argueret.
1016 4002 1097 4055 Nunc
1111 4003 1206 4055 autem

52 4080 220 4142 Laurentiano
240 4088 390 4157 diligenter
404 4090 516 4145 conlato
531 4091 726 4159 argumentum
741 4091 818 4143 nacti
833 4108 927 4144 sumus
942 4090 1127 4146 certissimum
1142 4108 1205 4145 cum

54 4176 182 4238 proverbia
199 4178 307 4231 λούεαι(
325 4178 375 4231 τὸν
389 4178 493 4232 Πελίαν
508 4176 705 4247 (explicatione
724 4178 839 4248 omissa)
859 4181 888 4234 et
905 4182 923 4247 ἢ
943 4182 984 4234 δεῖ
1003 4187 1103 4248 φαγεῖν
1121 4180 1206 4245 χελώ-

54 4276 93 4326 νη(
110 4266 170 4331 κρέα
187 4269 204 4334 ἢ
225 4268 261 4333 μὴ
282 4272 381 4333 φαγεῖν
400 4267 421 4320 L
438 4266 476 4321 IV
488 4273 520 4321 13
537 4264 585 4321 13b
601 4267 698 4321 eadem
712 4267 826 4321 ‘ratione
846 4285 883 4323 se
893 4267 1035 4339 excipiant
1053 4284 1109 4336 qua
1127 4267 1145 4321 S
1161 4274 1205 4335 62,

54 4348 92 4403 ubi
108 4368 160 4408 uuo*
174 4354 379 4425 coniunguntur
397 4356 537 4411 lemmate.
577 4356 638 4423 Quo
654 4356 687 4411 de
701 4373 772 4411 mox.
785 4358 961 4411 accuratiora
979 4357 1126 4411 docturum
1145 4373 1205 4412 essa

55 4451 122 4504 spero
137 4442 332 4513 lungblutium.
