2925 5050
718 334 960 398 -142—

249 495 305 560 τὸν
328 494 431 558 τόπον
455 493 576 572 χρόνον
599 495 657 572 μὲν
680 495 785 559 πολὺν
808 495 909 573 ἐζήτει
928 493 986 557 τὸν
1010 490 1181 571 θηιαυρόν·
1205 490 1250 554 ὼε
1277 488 1306 554 δ’
1328 490 1409 555 οὐδὲν
1453 550 1454 555 ,

190 631 193 636 ·
247 601 395 678 ἐπέραινε
420 602 550 679 πέμψαε
574 600 619 664 εἰε
643 602 798 681 Δελφοὺς
821 599 985 678 ἐπηρώτα,
1015 604 1084 664 πῶς
1108 599 1148 663 ἂν
1172 599 1261 677 εὕροι
1284 599 1325 661 τὰ
1347 601 1408 676 χρή-

247 728 338 787 ματα.
375 708 433 771 τὸν
457 709 492 770 ot
517 706 711 772 Ἀπόλλωνα
737 706 964 786 ἀποκρίναεθαί
985 726 1071 789 φατι,
1094 704 1201 769 πάντα
1221 704 1313 771 λίθον
1331 705 1408 769 κίνει·
1445 762 1455 790 Ι,

249 815 327 880 ὅθεν
349 816 369 895 ἡ
393 814 546 893 παροιμία
573 814 753 895 ἐκράτηεεν.
1445 797 1450 806 ’

336 921 416 987 Inde
439 922 480 986 ab
503 923 695 1002 ἡττηθέντος
718 972 727 987 .
751 973 757 985 .
782 971 790 985 .
813 920 879 985 fere
903 921 948 986 ad·
968 921 1102 985 verbum
1126 922 1338 1005 congruentia
1360 944 1411 985 ser·
1446 925 1450 958 ¹

250 1030 341 1094 ravit
365 1028 481 1094 Suidas
505 1022 582 1093 ον.
606 1028 713 1094 πάντα
741 1029 849 1093 κάλων
877 1028 971 1092 τείειν
1004 1025 1103 1114 (uude
1131 1029 1259 1092 intrusa
1287 1029 1411 1092 suntin

247 1131 536 1220 scholeristoph.
556 1134 683 1221 Equitt.
707 1136 771 1200 756
795 1135 842 1199 ed.
862 1135 936 1200 Ald.
962 1136 1016 1216 [cf.
1036 1134 1160 1200 Duebn.
1185 1136 1256 1199 adn.
1280 1159 1310 1220 p.
1334 1136 1412 1215 410],
1446 1141 1452 1242 p

246 1246 312 1309 nisi
336 1244 421 1328 quod
446 1242 656 1322 ὁἈθηναῑοτ
680 1243 892 1307 substitutum
917 1246 967 1307 est
989 1264 1048 1326 pro
1074 1242 1093 1306 ὁ
1116 1244 1280 1339 Θηβαῖοί),
1317 1242 1411 1305 Multo
1445 1245 1453 1361 Ι

250 1352 446 1417 contractius
471 1350 617 1415 Photius.
632 1373 656 1413 s.
680 1372 718 1432 v.‚
742 1351 797 1414 sed
820 1349 953 1434 Didymi
976 1351 1011 1413 ni
1038 1350 1135 1415 fallor
1158 1350 1334 1414 arbitrium
1357 1372 1411 1414 ser-

251 1460 338 1524 vavit
356 1458 387 1522 οἱ
406 1459 441 1522 δὲ
462 1456 600 1536 εἰρῆεθαί
620 1477 716 1537 φαειν
740 1456 805 1521 ἀπό
827 1461 894 1521 τῶν
916 1458 993 1521 τοὺε
1016 1457 1183 1535 καρκίνουε
1202 1456 1411 1536 θηρευόντωνε

247 1567 286 1632 cf.
309 1588 397 1651 prov.
422 1561 620 1650 (sotadeum)
645 1564 709 1628 ὑπὸ
732 1565 829 1629 παντὶ
856 1564 935 1648 λίθῳ
965 1563 1113 1643 εκορπίοε
1142 1564 1229 1628 εὕδει
1257 1562 1285 1627 Ρ
1310 1563 1355 1627 lV
1377 1562 1412 1625 20

249 1704 290 1725 =
311 1672 440 1737 Praxill.
463 1672 502 1737 fr.
525 1673 547 1736 4
570 1672 647 1755 lyrr.
670 1669 723 1736 Gr.
747 1667 814 1733 ΠΙ4
837 1694 867 1754 p.
886 1670 961 1754 567,
985 1670 1062 1736 scol.
1086 1671 1128 1735 23
1150 1693 1181 1755 p.
1205 1670 1273 1735 650
1295 1670 1375 1755 ng.

336 1779 370 1843 M
388 1779 421 1843 Il
441 1779 484 1844 25
514 1781 567 1858 Μὴ
591 1779 669 1844 κίνει
676 1777 887 1877 λίαμάριναν·
912 1778 1009 1857 φαεὶν
1033 1776 1114 1842 εἶναι
1138 1778 1252 1857 λίμνην
1270 1785 1310 1863 τῇ
1329 1778 1412 1843 πόλει

248 1894 286 1972 τῇ
312 1887 472 1971 Καμαρίνῃ
493 1884 771 1970 (παρακειμένην)
791 1884 962 1963 ὁμώνυμον
986 1885 1074 1970 αὐτῇ,
1097 1888 1137 1965 ἣν
1157 1883 1284 1971 (raom
1302 1887 1412 1964 ταύτην

247 1993 296 2081 Μ)
319 1995 349 2059 οἱ
370 1993 576 2073 Καμαριναῖοι
600 1996 823 2075 μετοχετεῦται
847 1992 891 2056 εἰε
914 1992 952 2057 τὸ
976 1992 1089 2057 πεδίον
1115 1992 1306 2073 βουλόμενοι
1330 1993 1413 2071 ἐχρή-
1456 2016 1457 2031 ¹

240 2122 341 2171 ,εαντο
369 2107 415 2185 τῷ
443 2106 522 2185 θεῷ·
555 2100 632 2164 obt
661 2097 745 2164 elue·
778 2097 834 2179 ‘pir
864 2098 941 2163 κίνει
971 2098 1175 2178 Καμάριναν.’
1204 2100 1236 2164 οἱ
1259 2102 1296 2163 δὲ
1323 2120 1415 2178 παρα-
1456 2176 1457 2187 .

247 2208 416 2272 κούταντει
434 2212 492 2271 τοῦ
513 2211 653 2286 χρηεμοθ
671 2206 858 2286 ἑβλάβηεαν.
882 2205 959 2273 ὅθεν
979 2204 1139 2297 (κάκεῖθεν
1157 2204 1205 2292 Μ)
1229 2208 1249 2288 ἡ
1268 2206 1413 2287 παροιμία
1456 2194 1457 2235 l

249 2314 369 2393 είρηται
393 2314 445 2379 ἐπὶ
469 2317 535 2377 τῶν
560 2316 723 2394 βλαβερῶε
746 2333 775 2386 τι
794 2318 900 2379 ποιεῖν
920 2313 1047 2379 ἑαυτοῑε
1070 2313 1264 2393 μελλόντων.

336 2419 425 2495 Quae
455 2423 633 2504 sequuntur
664 2421 748 2483 τινὲε
776 2422 811 2485 όέ
841 2441 916 2515 φατι
945 2422 1051 2501 φυτὸν
1079 2425 1217 2485 δυεῶόεε
1247 2420 1329 2487 εἶναι
1357 2425 1414 2485 κτλ.

246 2550 310 2593 non
338 2532 415 2593 sunt
442 2528 612 2613 Demonis,
645 2527 700 2611 qui
728 2528 950 2593 enarrationes
979 2529 1042 2594 sibi
1070 2529 1247 2594 contrarias
1276 2529 1414 2613 proferre

246 2658 313 2700 non
337 2636 449 2721 soleat,
473 2637 528 2700 sed
547 2635 687 2720 Didymi.
732 2635 856 2700 Eadem
880 2635 947 2700 fere
966 2635 1083 2701 Suidas
1102 2658 1141 2700 ex
1160 2636 1294 2700 meliore
1314 2636 1414 2702 codice

245 2742 445 2826 Zenobian03
475 2744 558 2809 unde
588 2746 621 2806 et
643 2742 774 2807 initium
801 2743 1022 2827 supplevimus
1046 2744 1307 2827 correximusque
1331 2748 1364 2808 ct
1383 2743 1413 2805 iu

248 2851 336 2913 exitu
359 2849 449 2915 liter
472 2850 675 2914 restituimus
698 2870 737 2912 ex
762 2850 911 2914 sollemni
935 2850 1091 2915 Demonis
1115 2851 1357 2915 consuetudine.
1457 2913 1458 2940 ἒ

338 2956 372 3020 Μ
390 2956 423 3020 ΙΙ
442 2958 486 3022 26
508 2958 678 3039 Κρωβύλου
697 2961 824 3034 Ζεθγοι·
848 2959 1075 3042 πορνοβοεκὸτ,
1094 2957 1138 3021 ὥ(
1158 2979 1264 3042 φατιν,
1288 2959 1414 3035 ἐγένετο
1457 2941 1458 2946 ¹

250 3065 391 3143 πονηρὸε
415 3063 434 3128 ὁ
459 3066 628 3146 Κρώβυλοε
651 3064 780 3128 καὶδύο
804 3063 901 3142 κόραε
925 3065 1062 3145 ἔτρεφεν
1085 3065 1182 3130 οὐδὲν
1205 3067 1413 3145 διαφερούεαε

246 3173 346 3236 αὐτοῦ
370 3173 429 3236 τόν
451 3173 582 3251 τρόπον,
607 3170 656 3235 αἱ(
676 3171 872 3250 ἐπεφώνουν
896 3171 926 3236 οἱ
950 3172 1123 3250 παριούται
1142 3170 1297 3250 ὁρῶντες·
1321 3171 1413 3250 (Κριν-

251 3280 348 3359 βόλον
372 3277 506 3356 Ζεθγοε.’
542 3277 663 3356 εἴρηται
691 3277 751 3340 οὖν
774 3278 826 3341 ἐπὶ
849 3281 915 3341 τῶν
939 3277 1022 3356 ἄγαν
1045 3281 1197 3357 πονηρῶν
1220 3279 1414 3357 ἡπαροιμία.

335 3385 548 3450 Diasceuasta
571 3383 598 3446 P
620 3381 669 3448 IV
689 3383 731 3446 69
756 3384 1008 3468 explicationem
1031 3386 1243 3470 integriorem
1267 3385 1414 3464 παροιμία

246 3495 299 3556 ἐπὶ
326 3498 394 3557 τοῖε
426 3491 680 3580 ὑπερβαλλούεῃ,
696 3490 836 3574 πονηρίᾳ
871 3495 1075 3572 κεχρημένοι(
1102 3482 1284 3571 ’ταττομένη
1317 3497 1415 3556 trans-

196 3680 201 3690 ,
247 3600 357 3682 posuit
388 3604 426 3661 ut
454 3600 561 3683 ipsum
594 3584 800 3681 proverbium
832 3598 1006 3683 exciperet,
1035 3603 1142 3664 cetera
1173 3600 1356 3664 decurtavit
1386 3602 1414 3661 et

249 3705 402 3769 turbavit.
448 3705 543 3769 Unde
565 3703 685 3789 pendet
708 3702 823 3768 Suidas
848 3727 871 3768 s.
895 3728 922 3771 v.
949 3707 1109 3786 Κροβύζου
1133 3711 1254 3784 ζεῦγοτ.
1363 3699 1365 3703 ’

335 3811 369 3875 Μ
388 3811 481 3876 1127
506 3809 587 3876 Οὔθ’
609 3811 699 3876 ὕεται
721 3809 796 3876 οὔθ’
818 3813 975 3891 ἡλιοῦται·
1002 3813 1022 3892 ἡ
1047 3796 1343 3893 παροιμίαέίρηται
1366 3813 1412 3877 ἐπὶ

246 3923 312 3984 τῶν
340 3921 402 3985 ἔξω
430 3918 530 3998 πάεηε
559 3918 732 3998 φροντίόοε
761 3917 909 3982 ἑττιίιτων
938 3922 1126 4000 [τουτέετιν
1159 3920 1234 3985 οὔτε
1265 3923 1411 4001 βρέχεται,

246 4027 321 4092 οὔτε
345 4028 582 4107 ἡλιοβολεῑται].

335 4132 446 4199 Verba
483 4133 634 4198 cancellis
666 4133 792 4198 inclusa
825 4134 989 4219 glossema
1022 4157 1092 4200 esse
1124 4135 1410 4202 demonstravimus

246 4264 276 4323 p.
295 4242 346 4305 63.
379 4240 427 4305 Of.
446 4241 472 4304 P
490 4239 521 4304 V
540 4240 584 4303 53
603 4238 762 4325 Ps.·Diog.
777 4239 873 4304 Vind.
892 4241 941 4306 ΙΙΙ
960 4244 1011 4307 45.
1042 4242 1198 4308 Narratio
1217 4243 1303 4308 haud
1323 4242 1411 4307 dubie

248 4351 379 4412 resecta
425 4346 539 4410 Talem
562 4346 628 4409 fere
651 4368 723 4410 eam
747 4346 841 4411 credo
865 4348 966 4413 fuisse
994 4351 1121 4433 qualem
1145 4349 1302 4415 indicavit
1324 4349 1411 4413 Leut-

246 4433 356 4517 'scnus
381 4454 444 4517 vor.
463 4452 495 4515 n
514 4476 544 4536 p.
563 4453 606 4516 43
631 4475 669 4516 ex
687 4452 801 4536 Polyb.
820 4453 899 4519 xvi
924 4457 975 4540 12,
994 4457 1014 4520 a
1033 4506 1040 4520 .
1059 4507 1066 4522 .
1086 4505 1094 4521 .
1111 4458 1151 4522 a
1169 4461 1225 4537 rec
1245 4457 1410 4522 κινιαιιι
